1942 3236
284 191 364 222 112
921 174 1241 218 ASCONIUS

339 295 485 337 Haec
514 294 692 336 eadem
721 292 876 347 longo
907 290 1195 334 intervallo
1224 302 1479 333 conversa
1509 302 1683 332 rursus
1711 289 1863 332 estin

281 378 385 406 me:
432 377 591 417 nuper
624 363 846 417 quidem,
881 367 935 403 ut
970 360 1126 412 scitis,
1160 359 1288 415 (me)
1335 360 1399 402 ad
1445 359 1666 414 Regiam
1708 371 1868 413 paene

280 431 513 475 confecit.

339 501 442 556 Quo
475 501 546 541 die
578 498 818 554 periculum
849 497 933 540 hoc
965 498 1135 548 adierit,
1164 504 1213 540 ut
1249 496 1430 540 Clodius
1459 511 1556 539 eum
1590 497 1652 539 ad
1678 497 1868 552 Regiam

281 583 419 624 paene
439 568 683 617 confecerit,
705 581 920 622 nusquam
942 567 1086 609 inveni
1105 583 1115 617 3
1146 581 1234 608 non
1254 573 1404 608 tamen
1425 566 1620 609 adducor
1639 572 1688 608 ut
1714 572 1869 621 putem
1887 575 1905 609 5

283 638 532 681 Ciceronem
567 636 813 688 mentitum,
844 636 1099 691 praesertim
1135 649 1235 677 cum
1271 636 1432 677 adiciat
1467 642 1524 677 ut
1554 635 1717 678 scitis.
1778 634 1868 677 Sed

282 707 454 749 videtur
475 705 580 747 mihi
603 705 722 759 loqui
743 705 799 746 de
819 719 872 747 eo
893 705 980 755 die,
996 718 1083 759 quo
1100 705 1350 746 consulibus
1369 705 1571 747 Domitio
1585 710 1630 746 et
1646 703 1870 752 Messalla,

283 776 358 829 qui
390 780 712 829 praecesserant
742 787 842 815 eum
874 787 1048 824 annum,
1069 787 1170 815 cum
1200 773 1308 815 haec
1342 774 1482 815 oratio
1509 773 1627 814 dicta
1656 778 1736 820 est,
1758 773 1870 815 inter

283 844 616 887 candidatorum
644 842 841 896 Hypsaei
870 848 915 884 et
937 841 1112 883 Milonis
1136 856 1290 883 manus
1310 842 1352 883 in
1372 842 1444 883 via
1465 841 1601 884 Sacra
1624 847 1870 897 pugnatum

284 919 362 963 est,
384 912 596 965 multique
619 925 676 953 ex
705 911 954 952 Milonianis
983 925 1040 953 ex
1069 911 1307 965 improviso
1335 910 1596 952 ceciderunt.
1658 910 1729 952 De
1749 910 1872 952 cuius
1893 926 1932 950 10

284 982 369 1024 diei
391 980 582 1036 periculo
603 994 683 1022 suo
706 987 755 1022 ut
775 987 927 1034 putem
951 979 1069 1033 loqui
1091 993 1204 1027 eum,
1227 979 1330 1021 facit
1351 985 1395 1021 et
1415 979 1538 1021 locus
1559 992 1735 1034 pugnae
1750 977 1871 1034 (nam

285 1050 328 1091 in
363 1049 499 1092 Sacra
534 1050 605 1090 via
639 1049 829 1091 traditur
860 1049 1114 1099 commissa,
1154 1049 1197 1089 in
1233 1062 1321 1101 qua
1360 1053 1428 1089 est
1464 1045 1639 1104 Regia),
1673 1054 1718 1090 et
1752 1048 1872 1102 quod

285 1118 465 1161 adsidue
486 1117 614 1159 simul
636 1124 759 1159 erant
781 1131 881 1160 cum
903 1117 1145 1159 candidatis
1165 1117 1490 1171 suffragatores,
1506 1116 1688 1159 Milonis
1704 1116 1872 1165 Cicero,

288 1187 488 1241 Hypsaei
511 1186 703 1228 Clodius.

344 1252 387 1311 (ξ
419 1253 505 1311 38.)
566 1255 811 1297 Potuitne
847 1254 897 1297 L.
933 1254 1144 1304 Caecili,
1179 1254 1454 1297 iustissimi
1496 1248 1871 1309 fortissimique
1895 1267 1932 1301 ¹5

288 1324 556 1379 praetoris,
582 1323 879 1378 obpugnata
899 1325 1082 1366 domo?

346 1397 397 1439 L.
419 1397 634 1440 Caecilius
662 1396 816 1447 Rufus,
844 1397 902 1439 de
928 1412 1016 1452 quo
1042 1397 1213 1447 dicitur,
1235 1397 1315 1440 fuit
1343 1397 1575 1452 (praetor)
1605 1398 1652 1440 P.
1681 1397 1875 1440 Lentulo

289 1466 526 1520 Spinthere
556 1466 611 1520 Q.
634 1466 818 1509 Metello
850 1467 1027 1521 Nepote
1058 1481 1178 1518 coss„
1200 1480 1288 1521 quo
1320 1481 1434 1509 anno
1466 1467 1618 1510 Cicero
1649 1458 1876 1510 restitutus

288 1542 367 1578 est.
429 1535 473 1576 Is
501 1548 600 1576 cum
625 1533 786 1577 faceret
813 1534 941 1576 ludos
967 1535 1260 1590 Apollinares,
1281 1536 1342 1578 ita
1369 1535 1518 1578 infima
1543 1543 1694 1580 coacta
1725 1536 1873 1579 multi-

289 1603 399 1645 tudo
428 1617 626 1645 annonae
650 1603 831 1645 caritate
857 1604 1123 1646 tumultuata
1148 1611 1227 1656 est,
1254 1611 1302 1646 ut
1331 1618 1497 1656 omnes,
1525 1606 1600 1660 qui
1628 1606 1673 1647 in
1703 1605 1876 1648 theatro
1896 1616 1939 1639 20

289 1672 515 1726 spectandi
541 1685 672 1714 causa
699 1672 998 1722 consederant,
1020 1673 1295 1727 pellerentur.
1356 1673 1427 1715 De
1454 1681 1714 1729 oppugnata
1740 1674 1876 1716 domo

222 1748 271 1778 49
289 1754 505 1794 nusquam
520 1740 662 1782 adhuc
688 1738 694 1796 Ι
722 1739 808 1794 legi
827 1755 836 1792 ;
863 1741 1097 1795 Pompeius
1114 1748 1263 1784 tamen
1277 1756 1377 1785 cum
1391 1743 1644 1785 defenderet
1662 1743 1876 1785 Milonem

290 1809 407 1863 apud
449 1808 676 1862 populum,
721 1809 778 1850 de
821 1809 863 1850 vi
905 1817 1138 1852 accusante
1178 1810 1348 1862 Clodio,
1385 1812 1558 1863 obiecit,
1600 1818 1649 1854 ut
1690 1799 1878 1867 legimus

291 1877 408 1932 apud
441 1877 648 1918 Tironem
684 1876 889 1919 libertum
925 1877 1144 1920 Ciceronis
1180 1879 1224 1920 in
1262 1879 1374 1922 libro
1410 1880 1508 1922 IIII
1543 1881 1602 1923 de
1643 1881 1735 1923 vita
1774 1881 1878 1932 eius,

293 1958 549 1999 oppressum
584 1945 668 2000 (a)
705 1945 862 1988 Clodio
896 1947 945 1988 L.
968 1946 1207 1989 Caecilium
1240 1955 1500 2003 praetorem.
1899 1961 1937 1993 ²5

909 2092 1078 2136 PAULO
1110 2094 1247 2137 Pos‘r.

352 2191 392 2248 (ξ
413 2191 503 2249 45.)
563 2192 632 2235 At
653 2207 754 2247 quo
778 2193 888 2235 die?
919 2208 1031 2249 quo,
1055 2201 1107 2237 ut
1135 2202 1254 2238 ante
1282 2197 1404 2247 dixi,
1426 2197 1525 2242 fuit
1553 2199 1879 2243 insanissima

296 2262 480 2310 contio,
502 2262 564 2303 ab
586 2262 748 2315 ipsius
771 2265 1124 2306 mercennario
1146 2266 1354 2308 tribuno
1374 2267 1540 2321 plebis
1560 2269 1831 2311 concitata.

356 2330 457 2371 Hoc
493 2330 708 2384 significat
742 2344 795 2372 eo
828 2332 900 2373 die
933 2346 1021 2385 quo
1059 2332 1240 2375 Clodius
1273 2336 1444 2379 occisus
1482 2343 1549 2379 est
1581 2337 1881 2381 contionatum

296 2411 390 2439 esse
411 2399 749 2440 mercennarium
768 2400 859 2441 eius
879 2400 1101 2442 tribunum
1125 2401 1275 2456 plebis.
1337 2403 1451 2447 Sunt
1471 2412 1620 2448 autem
1641 2406 1882 2449 contionati
1901 2417 1942 2450 30

297 2479 349 2508 eo
370 2466 454 2517 die,
477 2473 525 2508 ut
546 2482 603 2509 ex
625 2467 753 2509 Actis
774 2475 971 2522 apparet,
987 2469 1035 2511 C.
1056 2469 1287 2513 Sallustius
1309 2479 1352 2514 et
1370 2472 1424 2526 Q.
1443 2474 1690 2528 Pompeius,
1708 2475 1881 2529 utrique

297 2541 340 2576 et
365 2535 525 2577 inimici
543 2535 728 2578 ‘Milonis
755 2542 799 2578 et
827 2537 933 2579 satis
958 2537 1151 2591 inquieti.
1213 2539 1302 2582 Sed
1330 2542 1501 2584 videtur
1528 2543 1634 2584 mihi
1666 2543 1722 2599 Q.
1753 2543 1883 2587 Pom-

298 2603 444 2658 peium
467 2604 713 2658 significare
731 2621 740 2655 3
772 2619 873 2647 nam
897 2606 989 2648 eius
1011 2606 1259 2650 seditiosior
1279 2608 1358 2651 fuit
1379 2611 1540 2654 contio.

732 2722 783 2747 10.
809 2713 1014 2755 Milonianis,
1032 2715 1235 2749 Gronovius:
1260 2717 1412 2751 llffilonz's.

344 2824 393 2847 11.
416 2821 522 2850 locus
549 2827 721 2856 pugnae:
745 2829 797 2851 see
818 2819 1014 2858 Middleton‚
1039 2820 1061 2852 i.
1171 2830 1222 2854 22.
1245 2826 1465 2860 Pompeius:
1489 2824 1531 2857 cf.
1550 2827 1588 2863 §5
1605 2833 1658 2866 40,
1677 2826 1730 2858 68.

299 2867 363 2900 304
375 2869 445 2901 sqq.
838 2906 844 2913 Π
1173 2874 1223 2904 ²4·
1247 2869 1442 2916 witonem:
1466 2867 1533 2899 this
1556 2869 1648 2900 work
1677 2871 1705 2903 is
1731 2869 1818 2902 cited
1841 2870 1885 2912 by

344 2911 394 2934 20.
417 2908 668 2937 tumultuata:
692 2905 732 2937 cs.
750 2906 819 2938 Att.
835 2916 878 2938 ιν.
900 2915 926 2937 1.
943 2906 975 2938 6.
1126 2907 1291 2949 Plutarch,
1309 2910 1379 2942 C1c.
1394 2919 1447 2951 41,
1462 2920 1514 2953 49.
