1942 3236
284 224 367 254 110
920 210 1241 253 ASCONIUS

212 342 262 372 46
282 328 395 371 ficat.
425 327 430 382 Ι
459 327 576 369 Nam
603 340 655 369 eo
681 333 892 382 tempore,
920 339 1019 368 curn
1055 325 1105 368 C.
1129 326 1337 368 Manilius
1364 327 1564 369 tribunus
1592 326 1735 382 plebis
1764 328 1865 370 sub—

281 397 411 439 nixus
427 395 726 438 libertinorum
743 402 788 437 et
804 408 1027 437 servorum
1045 409 1176 436 manu
1199 395 1536 449 perditissimam
1558 395 1702 450 legem
1723 395 1865 447 ferret,

281 471 329 506 ut
362 465 576 507 libertinis
609 464 653 505 in
690 463 892 505 omnibus
924 463 1125 505 tribubus
1166 464 1422 518 suffragium
1459 470 1586 513 esset,
1622 464 1754 518 idque
1789 478 1867 520 per

281 533 518 575 tumultum
550 538 699 587 ageret
731 539 775 574 et
810 531 969 574 clivum
1004 532 1301 586 Capitolinum
1335 533 1568 584 obsideret,
1604 533 1867 576 discusserat

280 608 622 656 perruperatque
670 608 844 643 coetum
887 601 1110 642 Domitius
1151 602 1224 650 ita,
1265 608 1314 643 ut
1357 601 1485 643 multi
1527 601 1866 644 Manilianorum
1885 616 1903 649 5

280 671 633 712 interficerentur.
696 669 798 724 Quo
838 669 954 712 facto
994 676 1038 711 et
1085 670 1261 724 plebem
1302 669 1499 712 infimam
1540 669 1785 713 offenderat
1822 677 1869 713 et

279 745 457 781 senatus
487 752 693 793 magnam
723 738 911 793 gratiam
941 738 1109 780 inierat.

338 806 382 863 (ᾧ
402 806 488 864 32.)
542 808 727 862 Itaque
748 806 880 848 illud
904 806 1207 848 Cassianum
1235 806 1339 848 ‘cui
1361 807 1494 849 bono
1515 807 1696 850 fuerit’
1716 807 1766 850 in
1785 807 1866 850 his

280 876 522 930 personis
553 876 737 917 valeat.
1692 893 1695 895 ·

339 944 576 986 L.Cassius
598 944 690 995 fuit,
707 944 819 986 sicut
835 944 921 986 iam
942 957 1074 998 saepe
1091 944 1295 994 diximus,
1308 957 1506 986 summae
1526 944 1592 986 vir
1612 944 1867 988 severitatis.
1889 966 1927 990 10

283 1013 385 1067 (Is)
410 1014 610 1068 quotiens
638 1014 858 1067 quaesitor
885 1013 1016 1055 iudici
1042 1013 1224 1054 alicuius
1255 1020 1383 1062 esset,
1406 1013 1448 1054 in
1471 1027 1559 1068 quo
1579 1015 1869 1068 quaerebatur

280 1083 336 1123 de
356 1082 536 1124 homine
557 1083 711 1132 occiso,
733 1082 947 1123 suadebat
974 1087 1108 1135 atque
1136 1082 1269 1124 etiam
1299 1081 1500 1137 praeibat
1531 1082 1743 1124 iudicibus
1769 1082 1885 1131 hoc,-

281 1153 400 1206 quod
442 1152 594 1194 Cicero
634 1165 748 1194 nunc
787 1153 1007 1202 admonet,
1043 1157 1091 1193 ut
1132 1159 1422 1206 quaereretur,
1458 1152 1529 1193 cui
1563 1153 1683 1195 bono
1718 1153 1869 1196 fuisset

278 1221 419 1274 perire
455 1234 556 1262 eum
590 1221 646 1261 de
678 1220 799 1262 cuius
833 1226 975 1262 morte
1010 1221 1245 1273 quaeritur.
1307 1220 1381 1262 Ob
1411 1233 1546 1274 quam
1576 1221 1868 1271 severitatem,

279 1303 368 1343 quo
407 1296 605 1342 tempore
647 1289 749 1331 Sex,
794 1288 1045 1330 Peducaeus
1086 1290 1287 1330 tribunus
1326 1289 1468 1343 plebis
1507 1289 1761 1332 criminatus
1801 1295 1868 1332 est
1889 1307 1926 1341 15

280 1358 332 1399 L.
368 1357 598 1398 Metellum
632 1357 883 1412 pontificem
922 1371 1039 1398 max.
1077 1363 1308 1412 totumque
1344 1357 1577 1412 collegium
1611 1358 1868 1413 pontificum

281 1426 394 1468 male
415 1426 630 1467 iudicasse
651 1426 707 1468 de
729 1426 893 1468 incesto
913 1426 1132 1480 virginum
1153 1426 1415 1477 Vestalium,
1437 1427 1557 1480 quod
1579 1440 1709 1468 unam
1733 1429 1868 1470 modo

278 1494 518 1536 Aemiliam
540 1496 839 1546 damnaverat,
860 1494 1108 1537 absolverat
1138 1501 1286 1536 autem
1318 1496 1427 1536 duas
1451 1495 1665 1537 Marciam
1687 1502 1731 1538 et
1751 1496 1868 1538 Lici-

279 1566 413 1615 niam,
443 1564 632 1619 populus
664 1564 779 1607 hunc
812 1564 1011 1607 Cassium
1043 1565 1204 1606 creavit
1235 1565 1308 1618 qui
1344 1565 1400 1606 de
1433 1564 1598 1607 eisdem
1630 1565 1869 1620 virginibus

279 1640 531 1687 quaereret:
563 1634 685 1688 isque
721 1640 764 1675 et
800 1640 1005 1687 utrasque
1041 1647 1113 1674 eas
1146 1638 1190 1674 et
1222 1639 1448 1687 praeterea
1482 1633 1732 1688 complures
1760 1633 1868 1676 alias
1890 1650 1931 1674 20

278 1702 413 1743 nimia
433 1703 579 1753 etiam,
602 1708 649 1743 ut
670 1702 940 1743 existimatio
961 1708 1037 1752 est,
1060 1701 1298 1756 asperitate
1318 1715 1421 1743 usus
1442 1702 1682 1744 damnavit.

337 1770 378 1827 (ᾧ
399 1768 485 1827 33.)
518 1771 584 1812 Et
611 1771 826 1825 aspexit
854 1784 928 1812 me
956 1770 1068 1811 illis
1093 1771 1305 1824 quidem
1327 1769 1512 1821 oculis,
1535 1770 1724 1824 quibus
1744 1776 1870 1813 tunc

278 1840 497 1890 solebat,
539 1853 653 1880 cum
693 1838 935 1881 omnibus
976 1839 1148 1881 omnia
1188 1839 1501 1882 minabatur.
1574 1839 1752 1881 Movet
1792 1853 1870 1881 me

279 1908 471 1961 quippe
504 1907 679 1948 lumen
712 1907 916 1950 curiae!

338 1976 426 2017 Hic
466 1982 532 2017 est
570 1976 672 2018 SeX.
711 1975 904 2025 Clodius,
937 1989 1068 2030 quem
1110 1975 1153 2016 in
1193 1982 1452 2030 argumento
1492 1975 1620 2017 huius
1660 1976 1870 2018 orationis
1890 1997 1928 2030 ²5

278 2044 473 2085 diximus
499 2058 655 2098 corpus
679 2043 806 2086 Clodi
838 2045 881 2085 in
912 2045 1075 2086 curiam
1105 2044 1300 2095 intulisse
1331 2051 1377 2086 et
1404 2044 1464 2085 ibi
1496 2057 1711 2086 cremasse
1730 2057 1870 2099 eoque

279 2113 454 2154 incenso
476 2113 640 2154 curiam
662 2113 954 2167 conflagrasse
973 2127 983 2164 ;
1016 2113 1115 2154 ideo
1137 2113 1312 2153 lumen
1334 2113 1507 2154 curiae
1528 2113 1648 2154 dicit.

336 2179 377 2236 (ᾧ
399 2179 484 2237 37.)
517 2181 731 2235 Quando
763 2181 906 2222 illius
938 2188 1119 2235 postea
1151 2181 1259 2223 sica
1286 2180 1388 2230 illa,
1408 2194 1560 2235 quam
1586 2195 1612 2222 a
1635 2181 1869 2224 Ca'tilina

278 2256 561 2304 acceperat,
598 2250 937 2303 conquievit?
1002 2250 1145 2292 Haec
1186 2251 1391 2291 intenta
1431 2250 1586 2291 nobis
1622 2255 1716 2300 est,
1749 2250 1868 2292 huic

278 2331 374 2371 ego
409 2319 543 2360 obici
576 2332 668 2359 vos
703 2332 793 2372 pro
828 2332 904 2359 me
938 2332 1039 2359 non
1073 2333 1182 2360 sum
1218 2332 1419 2372 passus,
1453 2318 1578 2359 haec
1618 2319 1867 2361 insidiata
1885 2337 1926 2369 30

279 2387 519 2441 Pompeio
545 2393 635 2428 est.

300 2462 329 2492 8.
354 2461 405 2493 cui
421 2461 510 2492 bono
526 2461 631 2499 suerit,
646 2460 762 2501 scripsi
775 2472 783 2492 ε
807 2461 983 2492 iudicium.
1089 2460 1139 2492 26.
1163 2460 1318 2501 intulisse,
1336 2460 1393 2493 KS
1405 2461 1438 2493 in
1451 2460 1639 2493 Addendis:
1661 2460 1844 2492 contulisse.

802 2513 851 2546 ²9·
875 2505 1011 2543 intenta,
1028 2504 1145 2537 codd.:
1171 2505 1349 2537 intentata.

320 2564 351 2595 8.
375 2566 438 2595 eui
451 2567 545 2594 bono
556 2566 694 2595 fuerit:
718 2563 735 2595 1
747 2563 861 2605 regard
874 2563 1039 2594 iudicium
1106 2563 1184 2594 dam
1213 2564 1390 2605 veslzssgium
1413 2564 1672 2601 nominaverunt,
1698 2573 1757 2606 per
1778 2562 1867 2605 quod

277 2617 313 2637 as
343 2617 362 2637 a
392 2607 604 2648 supra-lineal
633 2608 723 2648 gloss
759 2612 795 2638 to
828 2607 1036 2644 Cassianum,
1106 2607 1174 2638 alia
1209 2618 1260 2638 res
1288 2607 1484 2649 intelligitur
1514 2612 1550 2640 ut
1578 2618 1637 2650 per
1672 2606 1866 2648 sanguinem

276 2650 386 2681 which
413 2650 472 2681 has
495 2650 643 2691 expelled
670 2651 728 2681 cui
749 2651 826 2681 bono
838 2649 972 2691 fuerit:
996 2650 1036 2682 cf.
1106 2650 1248 2691 caedes.]

279 2696 294 2730 5
314 2703 352 2732 32
371 2703 405 2725 n,
436 2694 506 2724 The
522 2703 611 2725 sense
627 2694 735 2725 which
752 2693 916 2724 iudicium
928 2693 1040 2724 would
1152 2702 1201 2724 10.
1224 2697 1302 2724 iam
1317 2703 1427 2731 saepe
1439 2697 1625 2726 diximus:
1643 2693 1695 2724 ‘in
1710 2692 1866 2725 orationi-

276 2736 358 2767 have
382 2737 468 2774 here,
485 2747 528 2768 sc.
545 2741 553 2753 ⁴
564 2737 634 2768 rule
644 2735 651 2748 ’
671 2747 708 2767 or
724 2739 732 2753 ‘
746 2737 831 2775 test‚'
854 2737 882 2767 is
905 2747 967 2768 one
990 2736 1039 2767 for
1101 2736 1162 2768 bus
1178 2747 1261 2778 quae
1273 2742 1412 2768 aetatem
1423 2737 1568 2768 tulerunt
1579 2736 1684 2768 Cassii
1695 2736 1731 2768 fit
1741 2736 1866 2768 mentio

276 2779 383 2810 which
399 2780 415 2810 Ι
432 2779 514 2811 have
529 2784 586 2810 not
602 2779 702 2811 found
717 2790 737 2811 a
753 2779 898 2822 parallel.
956 2779 1037 2821 [Mr.
1101 2780 1134 2811 in
1161 2780 1324 2811 Rosciana
1351 2779 1438 2821 [84],
1462 2779 1655 2812 Cluentiana
1672 2779 1780 2822 [107]‚
1792 2778 1865 2811 Ses-

276 2823 392 2853 Purser
421 2822 625 2864 ingeniously
654 2828 803 2864 suggests
837 2824 910 2854 that
948 2823 1038 2854 indi·
1100 2823 1190 2855 tiana
1207 2821 1324 2865 [103]'
1339 2823 1408 2855 KS.

276 2865 365 2897 cium
382 2876 448 2896 was
465 2865 521 2896 the
539 2866 678 2907 original
699 2866 810 2907 gloss:
839 2866 880 2898 cf.
898 2866 1037 2906 Quintil.
1148 2875 1195 2907 15.
1222 2876 1292 2903 quo
1317 2871 1502 2903 tempore:
1528 2876 1571 2898 sc.
1594 2874 1654 2906 113
1671 2873 1747 2899 B.c.
1792 2864 1865 2897 The

275 2919 306 2940 v.
323 2919 354 2949 9.
371 2918 389 2949 9
406 2909 540 2949 signum
563 2914 711 2948 vocatur,
727 2914 763 2940 ut
790 2909 869 2947 dixi,
892 2909 1036 2949 σημεῖον,
1100 2914 1188 2950 story
1213 2910 1242 2940 is
1264 2910 1445 2951 frequently
1467 2909 1606 2941 referred
1627 2914 1673 2950 to,
1689 2919 1717 2941 e.
1727 2919 1760 2951 g.
1777 2908 1863 2940 Plut.

274 2962 473 2993 quamquam
510 2952 543 2983 id
580 2953 715 2994 quidam
752 2952 928 2990 indicium,
966 2953 1037 2994 qui·
1101 2953 1234 2994 Quaest.
1249 2953 1347 2985 Rom.
1365 2963 1398 2994 p.
1411 2953 1473 2994 284
1485 2953 1516 2986 b.
