1942 3236
518 196 651 240 PRO
695 197 742 241 T.
785 198 1000 242 ANNIO
1038 198 1306 243 MILONE.
1667 212 1723 258 73

20 361 36 374 ⁶.
117 322 293 360 tantum
313 315 359 358 in
379 314 609 359 consulatu
628 329 729 358 meo
750 329 832 370 pro
852 316 979 359 vobis
1000 330 1051 359 ac
1072 316 1221 359 liberis
1242 318 1399 360 vestris
1420 332 1553 360 ausus
1569 333 1725 370 essem,

11 377 41 430 ἕ
117 386 154 430 si
181 386 239 438 id,
263 385 385 441 quod
418 384 622 436 conabar,
647 385 742 427 sine
770 385 979 428 maximis
1007 387 1368 429 dimicationibus
1395 388 1500 429 meis
1531 402 1602 430 me
1631 402 1726 430 esse

16 449 30 471 '³
115 452 341 499 ausurum
368 454 634 498 arbitrarer?
713 453 842 509 Quae
884 455 1040 497 mulier
1080 455 1326 498 interficere
1367 457 1628 499 sceleratum
1675 471 1727 500 ac

21 567 26 573 ,
116 524 411 581 perniciosum
459 523 602 566 civem
650 537 737 566 non
784 525 979 574 auderet,
1021 525 1057 566 si
1098 526 1340 580 periculum
1382 540 1470 568 non
1519 527 1727 569 timeret?

26 558 353 703 ἣῨΙΡΤΟΡΟΒῙΠ),
382 594 560 646 invidia,
582 600 736 646 morte,
762 609 909 650 poena
930 595 1007 650 qui
1029 595 1166 637 nihilo
1191 598 1367 651 segnius
1390 611 1480 638 rem
1502 597 1726 652 publicam

19 673 35 722 ᾖ
116 664 328 715 defendit,
363 664 402 707 is
434 664 502 707 vir
534 677 637 706 vere
677 665 901 720 putandus
940 671 1018 708 est.
1081 665 1238 720 Populi
1273 667 1386 721 grati
1420 673 1486 708 est
1521 667 1728 721 praemiis

116 733 307 778 adficere
327 735 442 776 bene
463 733 646 776 meritos
667 734 723 775 de
745 747 791 775 re
811 734 991 789 publica
1017 734 1149 786 cives,
1168 736 1249 776 viri
1278 736 1401 777 fortis
1427 750 1480 778 ne
1502 735 1728 791 suppliciis

115 803 297 860 quidem
338 803 519 855 moveri,
559 808 609 845 ut
650 802 822 846 fortiter
862 804 1016 846 fecisse
1057 805 1292 859 paeniteat.
1355 804 1503 859 Quam
1535 805 1594 846 ob
1633 819 1726 848 rem
1745 819 1792 849 83

117 879 316 917 uteretur
341 873 500 915 eadem
530 871 807 915 confessione
835 873 887 915 T.
910 873 1098 925 Annius,
1129 887 1218 928 qua
1247 873 1407 923 Ahala,
1436 888 1524 929 qua
1553 874 1727 927 Nasica,

10 952 12 954 ·
60 956 102 981 ιο
117 956 207 999 qua
227 942 448 999 Opimius,
471 955 560 997 qua
581 942 763 992 Marius,
782 957 871 997 qua
889 950 1065 985 nosmet
1083 943 1176 998 ipsi,
1191 950 1235 986 et
1256 944 1291 985 si
1313 950 1440 998 grata
1461 958 1528 985 res
1551 944 1728 998 publica

117 1018 246 1065 esset,
274 1011 526 1064 laetaretur,
548 1012 584 1055 si
613 1012 802 1068 ingrata,
827 1019 978 1055 tamen
1012 1013 1056 1055 in
1088 1013 1212 1067 gravi
1251 1012 1426 1055 fortuna
1459 1014 1728 1055 conscientia

116 1096 198 1125 sua
217 1082 442 1126 niteretur.
1663 1082 1834 1133 s

178 1151 270 1195 Sed
298 1151 428 1195 huius
457 1151 645 1195 benefici
681 1152 885 1207 gratiam,
913 1152 1093 1204 iudices,
1117 1152 1314 1194 Fortuna
1346 1151 1500 1207 populi
1533 1152 1727 1193 Romani

35 1277 37 1282 Ι
117 1227 164 1266 et
183 1228 330 1265 vestra
351 1221 537 1264 felicitas
559 1228 604 1264 et
628 1222 673 1264 di
699 1221 974 1264 immortales
995 1221 1077 1264 sibi
1099 1222 1250 1264 deberi
1272 1228 1445 1276 putant.
1507 1222 1603 1263 Nec
1624 1236 1729 1264 vero

59 1309 99 1345 ¹5
117 1291 354 1348 quisquam
375 1291 503 1334 aliter
530 1291 734 1334 arbitrari
763 1298 924 1347 potest,
951 1292 1034 1333 nisi
1061 1292 1137 1346 qui
1167 1291 1333 1333 nullam
1358 1291 1448 1333 vim
1482 1305 1578 1333 esse
1607 1291 1729 1334 ducit

117 1374 371 1417 numenque
391 1361 608 1412 divinum,
629 1374 764 1416 quern
790 1375 935 1416 neque
956 1362 1112 1416 imperi
1140 1361 1275 1403 nostri
1306 1362 1566 1416 magnitudo
1588 1375 1730 1415 neque

116 1429 184 1474 sol
217 1430 292 1474 ille
327 1444 408 1473 nec
443 1430 554 1474 caeli
589 1430 906 1486 signorumque
938 1438 1086 1473 motus
1119 1444 1201 1472 nec
1231 1431 1554 1473 vicissitudines
1586 1443 1727 1472 rerum

116 1506 254 1556 atque
283 1500 461 1544 ordines
492 1507 674 1543 movent
703 1514 860 1555 neque,
888 1501 933 1543 id
966 1500 1086 1555 quod
1119 1500 1368 1541 maximum
1402 1507 1480 1547 est,
1512 1500 1727 1542 maiorum

22 731 27 733 ,
49 719 63 730 α

1084 1590 1377 1623 dimicationibus:
1401 1590 1662 1632 cogitationibus.
1683 1590 1730 1622 H.

1445 1643 1473 1675 7.
1498 1634 1584 1665 cives
1598 1644 1661 1666 om.
1680 1634 1726 1666 H.

1324 1687 1372 1718 13.
1398 1679 1566 1710 Fortuna:
1580 1677 1730 1719 fortuna

1286 1723 1336 1755 18.
1361 1723 1524 1754 maiorum
1541 1726 1727 1754 nostrorum

164 1600 194 1625 1.
218 1601 295 1624 meo
309 1601 372 1624 om.
391 1591 439 1624 H.
628 1600 656 1623 ².
681 1590 793 1633 quod:
816 1602 891 1623 cum
908 1591 949 1623 E.

119 1643 150 1677 3.
173 1635 365 1677 interficere,
380 1635 439 1668 hoc
452 1635 517 1668 loco
533 1635 600 1668 HE
615 1647 623 1668 τ
638 1640 716 1678 post
730 1635 836 1668 civem
852 1635 903 1675 T;
919 1634 1025 1667 eodem
1041 1636 1104 1667 loco
1120 1635 1268 1668 occidere
1283 1636 1311 1667 δ.

115 1679 181 1712 viri
194 1689 256 1712 om.
275 1679 322 1713 H.
425 1680 455 1712 8.
481 1684 517 1712 ut
532 1690 595 1712 om.
612 1679 654 1712 T.
771 1688 820 1710 10.
844 1679 1047 1721 respublica
1062 1690 1069 1711 :
1092 1689 1144 1710 res
1160 1679 1207 1711 H.

115 1723 216 1763 edd-3
237 1733 301 1756 om.
319 1723 367 1757 H.
515 1722 566 1756 16.
588 1733 775 1767 numenque
792 1723 850 1755 H:
874 1724 1050 1755 nullumve
1065 1723 1138 1755 rell.

117 1767 193 1801 Hs:
217 1767 386 1801 maiorum
402 1767 522 1809 ΤΕσχ.
736 1779 749 1781 -

118 1844 200 1878 with
216 1844 273 1878 the
288 1855 412 1878 masses
427 1848 463 1878 at
478 1844 587 1878 Rome
602 1844 642 1878 cf.
661 1844 732 1877 Att.
746 1844 768 1876 i.
788 1843 838 1877 16.
858 1853 888 1883 1,

121 1896 174 1929 11,
190 1890 254 1922 διο.

167 1940 195 1964 1.
217 1943 319 1966 noo:
343 1931 384 1965 cf.
402 1931 488 1966 Rab.
509 1931 606 1966 Perd.
624 1941 665 1964 10
684 1943 736 1965 me
756 1933 789 1965 in
811 1943 888 1965 con·

118 1975 229 2010 sulam
258 1987 337 2010 meo.
396 1976 516 2010 Cicero
544 1976 691 2019 delights
720 1982 756 2009 to
787 1976 889 2009 dwell

119 2030 209 2064 upon
219 2025 297 2064 ‘my
311 2019 524 2064 consulship,‘
540 2031 578 2053 as
593 2021 650 2053 the
665 2020 730 2053 reff.
748 2021 782 2053 in
800 2021 888 2052 Mer—

117 2068 198 2108 guet
219 2064 322 2098 show.
368 2064 566 2098 Sometimes
593 2064 636 2098 he
662 2065 761 2098 omits
785 2075 888 2104 meus,

117 2118 190 2152 eg.
207 2108 303 2142 Fam.
320 2119 352 2141 v.
372 2117 401 2141 2.
419 2109 438 2141 8
454 2119 506 2141 me
520 2109 555 2141 in
571 2108 752 2141 consulatu.

164 2161 195 2184 a.
210 2156 326 2192 quoa:
350 2152 409 2186 the
424 2153 550 2186 variant
565 2163 642 2185 cum
663 2153 692 2184 is
713 2151 889 2195 plausible,

119 2206 166 2230 ne.
190 2197 248 2229 ‘at
272 2197 329 2230 the
351 2197 433 2230 time
454 2195 554 2229 when
577 2197 594 2229 Ι
616 2196 732 2233 acted:
760 2197 820 2229 but
847 2196 889 2228 cf.

121 2242 140 2280 5
156 2248 200 2284 53
215 2250 250 2273 ”-

157 2287 494 2318 mmo-§immuunt
532 2282 655 2322 ‘risksss
691 2294 730 2316 so
768 2286 785 2324 5
827 2292 891 2315 100

118 2327 291 2361 dimicatio
319 2328 439 2372 capitis
454 2328 581 2362 ==‘risk
604 2328 643 2361 of
663 2328 773 2371 losing
800 2328 891 2360 one’s

119 2371 612 2460 ffiffi’cgssissizrjtiice152.tuxg·
623 2372 728 2448 uPaiIm
743 2372 891 2458 Siingsslag

118 2464 157 2494 ut
187 2459 231 2492 ad
261 2465 387 2494 certam
425 2460 558 2493 laudem
590 2460 761 2500 adhortor,
791 2460 839 2492 ita
870 2471 890 2492 a

118 2504 334 2538 dimicatione
353 2504 511 2538 deterreo.
559 2505 633 2537 The
648 2505 741 2537 word
757 2505 786 2537 is
802 2504 891 2536 often

115 2547 231 2590 joined
246 2549 328 2582 with
341 2548 534 2588 discrimen,
549 2560 576 2582 e.
590 2559 622 2591 g.
640 2548 721 2581 Sest.
743 2558 770 2589 1,
791 2550 853 2581 &c.

167 2600 218 2626 ιο.
241 2602 307 2626 m
321 2603 376 2631 με
401 2593 415 2624 Ῑ
433 2594 535 2626 retain
556 2594 612 2626 the
628 2593 783 2635 ordinary
798 2592 889 2625 read·

119 2635 188 2678 ing,
204 2636 247 2670 cf.
265 2647 352 2680 supr.
362 2636 486 2680 populi
499 2638 606 2679 grati.
653 2637 720 2669 Res
740 2637 783 2678 by
800 2635 895 2668 itself

119 2679 231 2713 would
243 2681 332 2724 yield
347 2692 369 2714 a
379 2681 470 2723 good
483 2691 587 2714 sense.
626 2683 752 2715 Gratus
766 2681 794 2713 is
810 2679 890 2712 used

118 2724 202 2757 with
227 2724 326 2768 eqnal
357 2725 532 2768 frequency
562 2726 596 2758 in
628 2726 684 2758 the
715 2734 825 2757 senses
856 2723 893 2755 of

119 2767 314 2807 'thankfuL’
337 2769 403 2801 and
427 2771 436 2787 ‘
448 2769 601 2812 pleasing
623 2767 698 2802 to':
732 2769 891 2811 ingratus

118 2810 276 2846 however
296 2823 388 2845 more
410 2813 602 2855 commonly
617 2823 731 2847 means
752 2815 760 2830 ⁸
773 2812 890 2844 thank-

118 2855 207 2896 less?
233 2856 314 2890 thau
343 2860 422 2890 ‘not
453 2857 606 2900 pleasing
635 2856 692 2891 to?
739 2857 806 2889 For
833 2856 890 2888 the

119 2899 219 2933 latter
238 2911 329 2934 sense
349 2901 390 2934 cf.
413 2901 508 2934 Fam.
528 2912 558 2934 v.
582 2911 611 2943 5.
633 2911 672 2943 3:
696 2901 752 2933 vii.
780 2906 831 2942 27.
858 2909 889 2932 2.

119 2944 221 2977 From
251 2955 272 2978 a
300 2945 429 2977 textual
460 2945 556 2988 point
586 2946 626 2978 of
647 2945 731 2978 view
756 2945 813 2977 the
841 2943 889 2975 in-

118 2988 242 3023 sertion
266 2989 331 3023 and
353 2990 514 3022 omission
540 2990 580 3023 of
590 2994 629 3034 p.
653 2989 737 3022 aster
760 2998 812 3022 res
833 2997 890 3021 are

961 1843 1096 1920 epualgy
1108 1842 1237 1886 simple.
1276 1843 1344 1875 For
1356 1842 1563 1885 cormptions
1579 1841 1618 1874 of
1629 1846 1728 1884 resp.

960 1899 978 1921 c
994 1913 1002 1920 .
1020 1890 1036 1926 ξ
1078 1897 1095 1929 5
1112 1898 1147 1920 n.

1007 1941 1059 1973 13.
1085 1936 1256 1965 Fortuna
1278 1934 1408 1969 populi
1432 1933 1613 1963 nomam:
1647 1930 1728 1962 For-

959 1980 1047 2008 tuna
1070 1976 1147 2008 here
1174 1977 1202 2008 is
1226 1974 1423 2018 personified
1451 1975 1517 2006 and
1541 1974 1662 2006 should
1690 1974 1730 2006 be

960 2020 1046 2063 spelt
1062 2020 1143 2052 with
1159 2031 1179 2052 a
1191 2019 1333 2062 capital:
1358 2019 1400 2051 cf.
1412 2019 1511 2058 Ovid,
1523 2018 1613 2050 Fast.
1624 2029 1653 2050 v.
1667 2024 1730 2059 729
1750 2020 1752 2022 ’

960 2075 1020 2096 nec
1035 2069 1068 2096 te
1091 2069 1272 2106 praetereo,
1289 2062 1407 2105 populi
1424 2063 1450 2094 F
1453 2069 1568 2094 ortuna
1584 2061 1731 2104 potentis

960 2108 1108 2144 Publica,
1118 2108 1171 2140 cui
1179 2107 1343 2150 templum
1350 2107 1422 2139 luce
1433 2111 1587 2148 sequente
1596 2106 1710 2137 datum
1721 2115 1729 2144 ;

960 2153 1002 2185 cf.
1021 2155 1060 2191 §5
1078 2152 1130 2194 69.
1149 2153 1190 2194 87
1208 2162 1244 2184 n.

1009 2205 1060 2238 14.
1083 2206 1152 2228 neo
1168 2206 1259 2228 vero
1275 2207 1283 2227 ι
1306 2194 1357 2226 for
1372 2194 1427 2227 the
1443 2194 1531 2225 locus
1545 2192 1730 2225 communis

960 2240 1038 2273 here
1075 2239 1271 2272 introduced
1307 2239 1348 2270 cf.
1384 2237 1524 2280 Quintil.
1562 2248 1592 2269 v.
1626 2245 1655 2278 7.
1688 2245 1727 2277 35

961 2289 1141 2316 tractatum
1156 2283 1345 2326 generalem
1362 2308 1370 2315 .
1395 2307 1402 2315 .
1426 2305 1434 2313 .
1458 2285 1638 2323 regaturne
1650 2285 1729 2323 pro-

961 2328 1114 2361 videntia
1130 2327 1287 2359 mundus.

1009 2371 1058 2403 16.
1082 2381 1293 2410 numenque
1305 2381 1312 2401 :
1328 2380 1404 2413 ·que
1414 2385 1440 2396 =
1451 2371 1460 2387 ‘
1472 2379 1509 2400 or
1525 2368 1556 2400 in
1570 2368 1657 2409 fine,'
1673 2370 1682 2384 ‘
1693 2378 1730 2399 or

961 2414 1167 2458 altogether’
1191 2415 1219 2446 is
1246 2415 1354 2446 added
1380 2419 1416 2446 to
1440 2412 1497 2446 the
1524 2423 1615 2444 more
1638 2422 1729 2444 com-

961 2460 1155 2502 prehensive
1178 2464 1272 2498 term,
1297 2469 1351 2490 see
1377 2457 1455 2490 RH.
1485 2457 1566 2498 198:
1598 2456 1664 2487 and
1687 2455 1729 2487 cs.

962 2503 1043 2546 Leg.
1072 2504 1106 2535 ii.
1140 2503 1178 2535 16
1211 2504 1245 2534 in
1278 2502 1373 2535 caelo
1404 2501 1599 2542 mundoque.
1655 2498 1729 2530 The

961 2547 1154 2589 disjunctive
1177 2556 1230 2579 -ve
1257 2551 1423 2589 separates
1449 2544 1505 2576 the
1532 2551 1598 2576 two
1626 2542 1728 2583 ideas,

961 2602 988 2624 e.
1000 2602 1033 2633 g.
1051 2591 1137 2624 Phil.
1155 2602 1185 2624 v.
1207 2600 1219 2621 1
1228 2600 1246 2631 3
1259 2601 1338 2622 num
1351 2590 1443 2631 leges
1455 2592 1596 2626 nostras,
1610 2597 1729 2619 mores-

961 2646 1001 2668 ve
1016 2636 1132 2668 novit?

1010 2685 1059 2721 17.
1084 2683 1142 2711 nol
1151 2682 1234 2711 me:
1252 2677 1420 2716 δεικτικῶς,
1436 2676 1508 2708 ‘the
1525 2685 1583 2707 sun
1600 2671 1731 2714 above,'

962 2723 1003 2755 cf.
1021 2723 1177 2765 Iuppiter
1191 2722 1258 2754 ille.

1006 2770 1105 2799 caeli
1127 2790 1135 2798 .
1161 2791 1168 2798 .
1194 2790 1201 2797 .
1226 2769 1376 2798 motus:
1399 2763 1475 2796 ‘the
1498 2763 1559 2803 sky
1582 2761 1676 2794 itself
1694 2772 1731 2793 as

962 2810 1052 2844 osten
1070 2811 1098 2842 is
1113 2809 1279 2853 supposed
1295 2814 1331 2840 to
1349 2818 1456 2844 move,
1474 2806 1514 2839 cs.
1533 2807 1613 2838 Nat.
1632 2807 1677 2838 D.
1695 2804 1729 2837 ii.

963 2863 1004 2898 97
1020 2860 1090 2887 tam
1106 2859 1213 2887 certos
1228 2853 1313 2886 caeli
1329 2857 1438 2884 motus
1449 2850 1457 2864 '
1501 2848 1674 2893 [Colson].

1010 2899 1059 2931 18.
1082 2902 1273 2931 maiorum
1298 2901 1538 2928 nostrorum:
1571 2893 1626 2926 the
1654 2902 1730 2935 pos-

962 2943 1082 2976 sessive
1092 2952 1242 2985 pronoun
1251 2940 1344 2984 gives
1354 2939 1477 2972 fulness
1488 2938 1553 2970 and
1563 2936 1731 2979 emphasis

962 2991 999 3020 to
1024 2987 1081 3020 the
1106 2986 1227 3020 clause.
1284 2983 1505 3025 Krebs-Allg.
1530 2980 1730 3024 distinguish
