1942 3236
505 208 638 251 PRO
683 209 726 252 T.
768 209 982 252 ANNIO
1020 211 1284 254 MILONE.
1645 225 1697 270 17

48 319 138 381 *get
165 327 410 383 parricidae
440 328 656 382 sanguine
686 328 857 370 imbuta
888 335 967 371 est.
1031 329 1121 372 Sed
1153 331 1261 385 quid
1290 345 1374 386 ego
1404 331 1478 373 illa
1506 345 1699 374 comme-

50 400 249 453 fmmoro?
301 397 662 452 Comprehensus
692 405 760 440 est
791 399 834 439 in
866 399 1035 453 templo
1068 399 1265 443 Castoris
1296 414 1444 442 servus
1479 402 1523 442 P.
1555 396 1778 450 ClodiJ*

39 459 55 514 J
90 478 224 523 quem
251 466 327 510 ille
352 467 411 510 ad
441 466 521 509 Cn.
553 467 816 522 Pompeium
846 468 1196 510 interficiendum
1225 468 1490 519 collocarat3
1522 478 1702 513 extorta

92 541 160 579 oet
187 536 228 578 ei
255 535 484 579 confitenti
513 537 604 579 sica
631 538 688 579 de
718 537 951 586 manibus;
989 538 1129 579 caruit
1157 538 1251 580 foro
1272 546 1429 593 postea
1452 540 1701 594 Pompeius,

90 605 232 648 caruit
261 606 602 668 semitm-caruit
632 606 839 660 public03
879 607 1010 649 ianua
1041 621 1088 649 se
1119 621 1170 648 ac
1201 609 1454 662 parietibus,
1485 623 1572 651 non
1608 610 1702 650 iure

53 726 57 730 ,
92 674 241 730 legum
265 675 614 731 iudiciorumque
641 677 769 727 texit.
833 677 953 718 Num
983 690 1098 731 quae
1126 678 1297 731 rogatio
1326 677 1428 729 lata,
1455 692 1560 720 num
1589 692 1703 733 quae
1720 688 1764 718 19

44 791 47 793 Α
91 757 210 789 nova
229 746 432 800 quaestio
452 746 631 788 decreta
652 750 749 788 est?
795 747 939 801 Atqui
965 747 1001 788 si
1027 761 1109 798 res,
1139 749 1175 788 si
1200 747 1276 799 vir,
1298 748 1333 789 si
1360 754 1536 802 tempus
1562 748 1702 790 ullum

58 855 62 867 ἶ
91 814 278 871 dignum
299 813 396 867 fuit,
415 821 534 861 certe
557 815 667 858 haec
688 815 731 857 in
754 815 828 857 illa
850 829 983 857 causa
1004 830 1178 858 summa
1203 818 1354 858 omnia
1382 817 1568 859 fuerunt.
1633 818 1703 859 In-

45 933 51 939 „
90 884 276 929 sidiator
302 891 397 927 erat
426 886 469 926 in
498 885 595 927 foro
622 885 861 928 collocatus
889 892 1023 940 atque
1052 887 1094 927 in
1123 886 1342 928 vestibulo
1372 887 1468 941 ipso
1496 894 1702 943 senatus3

43 963 69 1005 ᾖ·
88 955 134 998 ei
152 954 249 998 viro
274 961 426 1000 autem
456 969 575 998 mors
602 955 852 1010 parabatur,
882 957 1005 998 cuius
1034 956 1078 996 in
1100 957 1192 1006 vita
1216 956 1439 997 nitebatur
1460 956 1578 998 salus
1599 957 1703 998 civi-

52 1053 54 1058 *
91 1024 225 1077 tatis3
254 1038 308 1067 eo
329 1039 464 1080 porro
485 1026 546 1067 rei
571 1026 775 1080 publicae
803 1032 1013 1081 ternpore,
1037 1039 1126 1080 quo
1155 1026 1191 1068 si
1218 1039 1331 1067 unus
1359 1025 1430 1067 ille
1458 1026 1704 1075 occidisset,

53 1134 55 1139 .
93 1106 184 1137 non
220 1094 330 1138 haec
365 1094 510 1136 solum
547 1095 716 1147 civitas,
747 1096 824 1138 sed
861 1101 1016 1151 gentes
1051 1109 1204 1137 omnes
1240 1095 1547 1138 concidissent.
1607 1095 1705 1137 Nisi

52 1171 53 1174 ’
92 1177 209 1214 vero,
229 1164 336 1219 quia
356 1164 549 1219 perfecta
570 1178 638 1206 res
659 1179 746 1208 non
767 1171 847 1225 est,
868 1179 958 1207 non
981 1164 1063 1206 fuit
1080 1165 1351 1219 poenienda3
1379 1165 1564 1219 proinde
1580 1165 1706 1220 quasi

44 1223 66 1290 η’·
93 1233 245 1276 exitus
264 1247 423 1283 rerum,
444 1247 534 1276 non
556 1234 788 1276 hominum
810 1235 994 1277 consilia
1015 1234 1186 1289 legibus
1207 1234 1496 1276 vindicentur.
1559 1234 1708 1276 Minus

92 1301 338 1354 dolendum
361 1302 443 1346 suit
460 1317 506 1346 re
522 1317 612 1345 non
628 1304 835 1359 perfecta,
852 1305 929 1346 sed
946 1304 1243 1358 poeniendum
1261 1310 1377 1345 certe
1393 1303 1530 1345 nihilo
1548 1303 1707 1345 minus.

94 1372 315 1430 Quotiens
341 1387 426 1428 ego
453 1373 559 1429 ipse,
582 1374 761 1426 iudices,
784 1388 842 1416 ex
873 1375 920 1415 P.
953 1373 1085 1416 Clodi
1114 1374 1210 1415 telis
1239 1380 1284 1416 et
1310 1386 1368 1414 ex
1397 1374 1587 1415 eruentis
1615 1374 1707 1416 eius
1725 1386 1775 1417 20

94 1443 299 1487 manibus
329 1443 489 1499 effugii
531 1457 591 1485 ex
619 1445 781 1499 quibus
807 1445 844 1485 si
874 1458 945 1486 me
970 1458 1060 1485 non
1086 1443 1157 1484 vel
1190 1457 1288 1485 mea
1313 1442 1380 1484 vel
1414 1443 1473 1484 rei
1505 1443 1708 1497 publicae

53 1524 55 1526 ·
94 1511 274 1556 fortuna
294 1519 524 1565 servasset,
546 1514 645 1568 quis
673 1514 854 1556 tandem
884 1514 941 1556 de
970 1514 1149 1555 interitu
1178 1526 1277 1554 meo
1305 1514 1609 1567 quaestionem
1637 1520 1761 1555 tun.

50 1615 54 1617 >
97 1582 250 1627 lisset?
293 1581 384 1626 Sed
400 1582 524 1626 stulti
541 1597 705 1633 sumus,
724 1583 798 1638 qui
817 1584 1026 1634 Drusum,
1048 1583 1123 1638 qui
1140 1582 1417 1633 Africanum,
1436 1582 1708 1637 Pompeium,
1728 1587 1763 1631 8
1814 1585 1854 1610 ἒν

52 1746 53 1749 =
145 1733 175 1758 1.
198 1725 295 1758 illam
308 1725 337 1758 δ.
502 1736 536 1768 4.
559 1726 590 1758 ei
605 1737 669 1759 om.
687 1728 714 1759 δ.
899 1737 933 1769 9.
956 1727 1031 1769 ipso
1047 1738 1056 1758 τ
1080 1726 1137 1758 illo
1152 1725 1194 1758 T.
1376 1735 1426 1758 11.
1451 1726 1624 1759 occidisset
1640 1726 1708 1758 Τδε

56 1783 57 1786 ’
95 1769 260 1803 tenuisset
273 1769 316 1803 E.
407 1778 458 1810 13.
481 1770 680 1813 poenienda,
697 1770 899 1803 Lambinus:
916 1771 1118 1814 poenitenda
1135 1770 1185 1810 T;
1202 1769 1381 1812 punienda
1400 1770 1456 1802 Εδ.
1549 1769 1598 1802 16.
1623 1780 1708 1812 ego:

50 1830 55 1846 1
69 1834 72 1838 Δ
96 1822 172 1856 ergo
186 1813 229 1847 T.
366 1819 416 1856 17.
439 1814 494 1847 vel
509 1824 584 1847 mea
600 1815 649 1847 E:
671 1826 733 1848 om.
750 1815 803 1847 vel
819 1815 879 1847 Τδ.

55 1936 62 1947 ²
146 1943 175 1967 2.
196 1938 340 1973 tommo
364 1934 557 1967 cantoria:
596 1933 664 1967 this
690 1934 756 1966 had
789 1934 871 1966 been
940 1935 987 1967 iii.
1014 1936 1067 1977 89,
1097 1933 1163 1967 Off.
1187 1934 1210 1966 i.
1241 1942 1314 1975 154,
1344 1934 1416 1966 Fin.
1444 1935 1478 1966 ii.
1507 1935 1558 1976 58,
1589 1935 1710 1967 Ascon.

98 1977 248 2022 rep-‚ind
293 1979 340 2020 by
373 1977 413 2010 L.
451 1977 611 2010 Metellus
648 1978 870 2018 Dalmaticus,
943 1978 994 2020 36.

62 2039 64 2042 >
99 2031 168 2056 eos.
196 2030 258 2065 119
281 2029 312 2054 B.
324 2029 356 2055 c.
381 2021 508 2064 (Scaur.
531 2021 604 2063 4,,6)
628 2023 692 2054 and
718 2033 787 2054 was
811 2022 873 2054 fre·
985 2026 1132 2055 carust:
1166 2033 1204 2054 so
1241 2022 1321 2054 urbe
1357 2032 1468 2054 carere
1510 2023 1595 2055 Phil.
1626 2023 1647 2055 i
1678 2022 1711 2062 6,

0 2065 1 2098 ζ
53 2070 56 2075 ’
99 2065 236 2110 qumtly
249 2066 331 2098 used
354 2066 405 2098 for
419 2065 583 2108 meetings
599 2066 636 2098 of
656 2067 712 2098 the
736 2072 870 2098 senate:
941 2067 1033 2099 domo
1054 2077 1120 2098 car.
1142 2066 1244 2097 Dom.
1268 2065 1339 2106 146.
1386 2066 1460 2098 The
1482 2067 1654 2100 antithesis
1676 2071 1712 2099 to

96 2109 142 2144 es.
162 2119 228 2162 quo
251 2115 484 2152 saepenumero
506 2114 643 2142 senatus
664 2114 869 2146 convocatur.
939 2112 996 2144 the
1019 2110 1112 2142 word
1132 2111 1160 2142 is
1172 2109 1266 2152 frui,
1283 2121 1311 2142 e.
1326 2121 1359 2152 g.
1376 2111 1450 2142 Att.
1465 2111 1499 2143 ii.
1519 2120 1547 2143 1.
1565 2121 1586 2152 4
1607 2121 1712 2153 neque

52 2183 54 2187 ,
100 2152 196 2187 Ven.
217 2153 240 2187 i.
259 2161 333 2196 1⁴27.
379 2154 411 2186 lt
433 2163 502 2186 was
527 2164 606 2186 near
631 2153 687 2186 the
711 2153 814 2186 house
838 2153 878 2185 of
942 2166 1004 2187 nos
1020 2159 1052 2187 te
1057 2154 1236 2197 fruimur,
1253 2160 1285 2186 et
1301 2159 1339 2186 tu
1355 2154 1452 2186 nobis
1466 2165 1556 2187 cares

58 2229 65 2235 ,,
101 2197 159 2232 the
173 2197 316 2239 Vestals,
336 2197 403 2230 and
419 2207 488 2230 was
511 2197 590 2239 only
614 2197 817 2230 dismantled
840 2197 873 2229 in
988 2199 1019 2231 8.
1036 2208 1185 2231 summa.
1201 2202 1347 2230 omnm:
1373 2198 1413 2231 cf.
1431 2199 1518 2240 Imp.
1536 2200 1653 2241 Pomp.
1671 2197 1712 2238 36

11 2259 14 2281 7
106 2249 189 2284 1547
227 2241 279 2274 sor
318 2241 375 2275 the
410 2241 563 2283 building
601 2242 640 2273 of
667 2242 716 2275 St.
749 2240 875 2274 Peter's
943 2243 1077 2286 quaein
1098 2242 1161 2275 Cn.
1185 2242 1347 2284 Pompeio
1361 2265 1370 2274 .
1391 2266 1399 2273 .
1417 2267 1425 2275 .
1442 2253 1576 2275 summa
1599 2242 1714 2275 omnia

46 2319 47 2322 ,
102 2281 290 2329 {lancia-ni,
361 2294 374 2318 1
403 2286 452 2327 fil.
944 2292 1030 2320 sunt.

146 2339 285 2363 num
307 2296 350 2362 g.
366 2295 492 2363 σὸιοᾶις
517 2329 559 2363 cf.
578 2330 702 2362 Ascon.
722 2340 764 2361 on
783 2331 799 2367 ξ
819 2335 871 2370 37,
936 2340 940 2344 “
992 2340 1042 2363 11.
1066 2333 1126 2362 rei
1141 2340 1179 2368 p.
1193 2334 1386 2368 tempore:
1414 2332 1422 2347 ‘
1436 2329 1587 2372 political
1599 2329 1713 2369 crisis,’

102 2371 369 2426 §eet-69‚Schol.
378 2373 463 2408 Bob.
474 2384 517 2406 on
529 2374 570 2406 de
581 2374 666 2406 Aere
679 2373 720 2405 al.
733 2374 754 2405 i.
767 2382 797 2414 3,
808 2373 874 2404 and
944 2374 984 2408 cf.
1011 2376 1081 2406 Att.
1102 2373 1168 2406 xvi.
1194 2379 1224 2416 7.
1245 2382 1263 2414 5
1288 2373 1352 2405 hoc
1375 2384 1452 2406 vero
1477 2374 1561 2405 nihil
1587 2375 1715 2416 turpius

52 2455 54 2461 .
102 2417 139 2452 ii.
155 2417 175 2451 8
195 2418 247 2450 sor
268 2418 325 2450 the
340 2422 440 2460 story.
487 2418 635 2460 Pompey
653 2422 688 2450 at
711 2417 759 2450 all
778 2417 874 2449 times
943 2418 1061 2462 quovis
1086 2417 1138 2450 rei
1157 2421 1194 2459 p.
1212 2421 1362 2460 tempore,
1380 2417 1436 2450 sed
1463 2417 1527 2450 hoc
1554 2417 1716 2449 ἀναπολό-

51 2492 53 2494 .
102 2460 354 2495 hadanervo‘us
364 2461 482 2494 horror
493 2462 531 2494 of
542 2461 786 2494 assassination.
835 2461 874 2493 In
940 2473 1056 2504 γητον.

126 2505 147 2538 8
163 2513 196 2539 Β.
207 2511 240 2538 c.
257 2505 300 2538 he
315 2504 460 2548 thought
474 2505 643 2538 hislifein
656 2505 746 2548 daug
747 2505 874 2537 ersrom
987 2509 1210 2539 occidisset:
1244 2505 1300 2536 the
1327 2515 1417 2537 same
1444 2504 1653 2546 conjunctior:
1682 2505 1721 2537 of

134 2558 224 2582 mero
251 2548 351 2590 Sest.
383 2550 454 2592 41),
482 2550 516 2582 in
547 2549 589 2591 56
619 2549 705 2581 from
723 2517 875 2582 Crassus
943 2551 1038 2582 verbs
1061 2559 1175 2582 occurs
1196 2550 1298 2581 Dom.
1316 2549 1359 2590 96
1381 2549 1619 2591 rempublicam
1643 2560 1715 2581 con-

51 2608 58 2627 1
105 2590 165 2637 (Q.
176 2593 216 2626 F.
225 2593 260 2626 ii.
275 2601 304 2633 3.
318 2595 368 2634 4),
379 2593 445 2626 and
459 2598 494 2626 at
505 2593 662 2626 thistime
673 2603 742 2625 was
754 2593 876 2625 almost
943 2595 1051 2627 cidere
1077 2594 1173 2625 unius
1196 2593 1350 2632 discessu,
1368 2603 1469 2634 quam
1493 2593 1642 2625 omnium
1668 2594 1716 2624 in-

40 2648 53 2669 .·
102 2635 308 2679 ludicrously
333 2637 570 2680 apprehensive
597 2637 635 2669 of
653 2637 749 2669 Milo.
798 2637 876 2668 Vet-
944 2639 1042 2670 teritu
1065 2637 1203 2669 occidere
1225 2636 1335 2668 malui.
1395 2636 1467 2668 The
1490 2637 1617 2669 variant
1640 2637 1715 2669 ceci-

9 2680 14 2687 ’
55 2707 59 2714 ,
105 2680 186 2721 tius,
210 2681 266 2714 the
293 2681 460 2722 informer,
487 2681 584 2714 knew
610 2681 662 2713 his
685 2691 762 2713 man
787 2680 876 2719 well,
944 2682 1045 2714 disset
1070 2682 1098 2713 is
1125 2681 1188 2713 due
1214 2685 1249 2712 to
1276 2691 1295 2711 a
1319 2681 1578 2722 misconception
1605 2681 1644 2713 os
1661 2681 1718 2713 the

104 2723 226 2758 when
215 2735 251 2757 m
267 2734 309 2767 59
320 2724 363 2758 he
377 2735 471 2758 came
486 2725 626 2757 forward
643 2725 744 2757 with‘
758 2724 878 2757 revela-
947 2726 1102 2767 meaning
1117 2724 1280 2766 conveyed
1305 2725 1349 2765 by
1363 2724 1584 2756 concidissent.
1634 2725 1716 2756 Con-

53 2773 60 2779 ”
105 2766 214 2802 tions’
235 2769 435 2812 concerning
457 2779 500 2801 an
522 2768 652 2811 alleged
669 2769 741 2811 plot
766 2769 804 2800 of
823 2767 879 2800 the
947 2770 1107 2801 cidere-:⁴
1121 2777 1156 2801 to
1184 2769 1224 2800 be
1249 2768 1357 2800 struck
1382 2768 1503 2806 down‚'
1519 2779 1545 2800 e.
1560 2779 1591 2810 g.
1617 2768 1717 2800 Tusc.

108 2812 689 2856 optimatesagainstPompey’slise:
702 2813 774 2844 Att.
782 2813 816 2844 ii.
828 2821 878 2853 ²4·
947 2814 992 2848 D.
1027 2813 1073 2844 iii.
1104 2812 1146 2843 66
1183 2812 1239 2854 qui
1275 2812 1493 2844 concidentem
1529 2812 1718 2844 vulneribus

59 2893 61 2895 ,
153 2859 248 2899 4.01
269 2860 486 2889 annitenti:
510 2857 562 2889 sor
584 2857 639 2889 the
663 2857 822 2888 insertion
845 2856 883 2888 of
949 2858 1010 2889 Cn.
1043 2857 1243 2898 Pompeium
1277 2856 1445 2894 vidissent,
1476 2860 1536 2887 not
1568 2861 1603 2888 to
1635 2856 1717 2887 ‘fall

108 2898 167 2933 the
188 2899 446 2932 demonstrative
468 2911 618 2943 pronoun
643 2901 684 2932 cf.
703 2901 780 2934 Div.
798 2900 818 2931 i.
838 2908 878 2941 57
948 2901 1093 2942 together
1122 2899 1227 2932 with)
1273 2899 1345 2931 The
1376 2899 1473 2931 latter
1502 2900 1659 2942 meaning
1690 2899 1718 2931 is

58 2967 59 2971 ,
109 2946 183 2977 mm
211 2943 246 2976 ei
271 2943 454 2976 dormienti
478 2944 622 2976 eundem
649 2944 746 2976 illum
772 2945 878 2976 visum
947 2944 1115 2987 conveyed
1133 2944 1176 2986 by
1192 2954 1263 2975 una
1278 2943 1452 2982 concidere,
1469 2954 1497 2976 e.
1508 2954 1540 2985 g.
1557 2954 1628 2975 una
1643 2953 1718 2975 cum

109 2995 183 3023 Gne
203 2997 333 3031 rogare,
360 2987 448 3021 Phil.
466 2988 534 3021 xiii.
553 2997 604 3028 20,
622 2988 701 3021 Nat.
719 2989 765 3021 D.
787 2988 808 3020 i.
828 2994 878 3030 72.
947 2993 1029 3032 rep.
1046 2988 1221 3027 concidere,
1237 2987 1312 3020 Seu.
1333 2994 1383 3029 17,
1401 2988 1501 3020 Dom.
1518 2987 1572 3028 63.

119 3051 122 3054 ’
897 3053 925 3087 C
