1942 3236
20 0 99 222 r

36 274 46 291 J

34 897 45 901 e
14 762 45 887 ''iffi-5⁸45&
33 739 41 750 ⁷-
41 723 43 726 .
32 673 34 678 ‘
16 628 20 633 1

542 182 675 225 PRO
721 181 764 225 T.
806 182 1019 226 ANNIO
1059 183 1325 227 MILONE.
1368 239 1372 243 ‚

1683 196 1740 242 53

130 305 276 344 satore
297 298 503 356 producti
523 306 637 342 sunt.
700 298 822 353 Quid
845 299 927 343 hac
948 301 1205 356 quaestione
1227 301 1312 344 dici
1340 308 1488 356 potest
1518 300 1739 357 integrius,

129 370 236 429 quid
258 369 550 424 incorruptius
565 371 584 410 ?

185 437 319 494 Quod
355 438 392 480 si
425 438 623 480 nondum
658 438 765 480 satis
797 438 986 490 cernitis,
1014 453 1115 481 cum
1146 454 1214 482 res
1251 440 1346 494 ipsa
1382 446 1452 482 tot
1485 447 1578 482 tam
1612 440 1739 483 claris
1757 445 1824 491 23

127 508 395 564 argumentis
415 507 640 563 signisque
659 507 818 559 luceat,
842 522 951 562 pura
978 516 1125 551 mente
1145 516 1282 563 atque
1311 510 1480 563 integra
1513 509 1739 560 Milonem,
1757 505 1802 533 31

91 590 109 624 5
128 577 250 620 nuno
269 576 434 620 scelere
462 576 697 628 imbutum,
719 577 840 619 nullo
871 584 993 620 metu
1015 579 1310 633 perterritum,
1333 578 1453 619 nulla
1475 579 1741 621 conscientia

128 647 435 690 exanimatum
470 646 666 688 Romam
699 648 942 698 revertisse,
981 648 1281 697 recordamini,
1313 661 1391 701 per
1419 649 1526 690 deos
1558 648 1739 690 immor-

126 716 252 768 tales,
283 730 400 772 quae
430 715 562 758 fuerit
592 715 793 758 celeritas
826 717 992 759 reditus
1023 717 1128 768 eius,
1165 718 1239 771 qui
1272 717 1492 771 ingressus
1523 718 1566 758 in
1599 716 1742 759 forum

127 787 312 830 ardente
346 785 478 836 curia,
513 799 628 841 quae
660 786 924 841 magnitudo
952 787 1102 835 animi,
1137 786 1213 841 qui
1246 785 1406 838 vultus,
1438 800 1553 840 quae
1585 787 1741 828 oratio.

128 855 289 912 Neque
308 869 414 898 vero
435 869 484 897 se
503 853 673 910 populo
694 855 851 905 solum,
873 856 951 897 sed
981 856 1117 898 etiam
1147 856 1318 898 senatui
1345 855 1579 906 commisit,
1601 869 1743 910 neque

19 941 36 945 .‚
70 940 111 964 10
126 925 300 968 senatui
327 925 472 977 modo,
497 926 575 967 sed
601 925 736 967 etiam
769 924 958 979 publicis
985 925 1215 980 praesidiis
1248 931 1291 966 et
1324 925 1467 975 armis,
1501 938 1643 978 neque
1676 924 1742 966 his

127 1001 314 1046 tantum,
353 1007 507 1037 verum
549 994 684 1036 etiam
729 995 823 1036 eius
864 995 1090 1048 potestati,
1132 995 1201 1036 cui
1243 1001 1423 1036 senatus
1465 999 1607 1035 totam
1649 1007 1740 1035 rem

124 1065 364 1120 publicam,
400 1077 582 1106 omnem
618 1063 775 1105 Italiae
810 1064 988 1118 pubem,
1021 1071 1180 1106 cuncta
1211 1062 1363 1119 populi
1396 1063 1589 1104 Romani
1621 1077 1742 1106 arma

125 1134 435 1183 commiserat;
466 1133 537 1175 cui
559 1146 802 1188 numquam
825 1148 872 1175 se
893 1133 964 1176 hic
982 1133 1180 1188 profecto
1197 1133 1465 1183 tradidisset,
1482 1132 1565 1173 nisi
1583 1145 1742 1174 causae

125 1217 233 1248 suae
272 1203 528 1255 confideret,
560 1204 822 1258 praesertim
864 1204 1014 1246 omnia
1055 1203 1262 1254 audienti,
1304 1216 1468 1258 magna
1510 1202 1742 1254 metuenti,

0 1320 1 1329 ἵ
43 1266 46 1274 ²
68 1287 107 1321 15
125 1273 267 1316 multa
286 1273 540 1329 suspicanti,
562 1287 651 1315 non
671 1273 790 1315 nulla
812 1274 1021 1316 credenti.
1068 1274 1236 1328 Magna
1251 1273 1318 1314 vis
1345 1279 1412 1314 est
1433 1272 1739 1321 conscientiae,

0 1342 1 1345 ’
124 1342 303 1395 iudices,
328 1349 374 1385 et
405 1356 569 1398 magna
606 1342 651 1384 in
684 1349 921 1397 utramque
958 1349 1143 1398 partem,
1182 1349 1231 1384 ut
1266 1355 1409 1396 neque
1441 1342 1630 1383 timeant
1666 1342 1740 1395 qui
1774 1348 1796 1355 ”

125 1412 231 1456 nihil
253 1412 569 1463 commiserint,
588 1419 634 1455 et
661 1425 850 1466 poenam
877 1426 1053 1467 semper
1083 1419 1187 1455 ante
1214 1411 1367 1454 oculos
1389 1411 1555 1452 versari
1584 1417 1741 1465 putent

124 1482 202 1538 qui
241 1482 476 1538 peccarint.
536 1481 698 1536 Neque
736 1496 842 1524 vero
883 1482 978 1524 sine
1019 1482 1190 1524 ratione
1232 1487 1353 1523 certa
1393 1494 1524 1522 causa
1562 1479 1740 1548 Milonis
1758 1488 1808 1519 62

123 1565 300 1608 semper
331 1565 358 1593 a
391 1558 548 1595 senatu
583 1551 773 1607 probata
809 1558 903 1602 est3
945 1552 1157 1594 videbant
1191 1550 1504 1606 sapientissimi
1536 1549 1739 1591 homines

66 1633 108 1658 ²0
126 1621 231 1665 facti
252 1622 481 1672 rationem,
502 1621 799 1676 praesentiam
822 1622 973 1679 animi,
995 1621 1261 1664 defensionis
1290 1619 1600 1662 constantiam.
1664 1618 1739 1660 An

124 1705 231 1735 vero
250 1691 380 1734 obliti
403 1691 521 1741 estis,
542 1690 725 1742 iudices,
746 1680 911 1733 recenti
940 1691 1015 1733 illo
1044 1691 1202 1733 nuntio
1231 1690 1349 1732 necis
1382 1687 1624 1730 Clodianae
1650 1701 1739 1730 non

171 1788 204 1825 7.
227 1781 324 1834 suerit
351 1782 442 1815 HE:
456 1781 582 1834 [uerat
596 1781 686 1823 Τσχ.

125 1837 191 1862 ont.
208 1837 252 1859 σε
276 1836 359 1865 eru
381 1836 526 1866 ommx.

130 1880 183 1914 19.
206 1871 366 1904 videbant
381 1870 464 1903 TE:
488 1869 579 1903 enim
595 1869 674 1902 add.
690 1870 749 1902 Τδ.

130 1956 148 1994 5
169 1963 212 1996 53
234 1964 269 1986 n.
285 1953 338 1986 for
359 1953 418 1986 the
440 1952 610 1996 emphatic
633 1954 818 1996 repetition.
867 1953 900 1986 It

127 1998 157 2031 is
185 1997 257 2031 laid
284 1997 384 2030 down
414 1998 449 2029 in
478 1997 559 2039 Dig.
587 1998 642 2039 48.
672 1998 721 2029 18.
754 2006 781 2030 1.
811 2007 829 2038 3
856 1998 901 2030 ad

111 2041 354 2086 „quaestionem
376 2052 443 2073 non
464 2051 536 2074 esse
571 2041 801 2083 provocandos
831 2052 900 2083 e0S‚

128 2095 212 2130 quos
220 2089 392 2119 accusator
403 2085 443 2117 de
457 2085 550 2118 domo
564 2095 627 2117 sua
643 2085 811 2128 produxit.

171 2140 203 2172 4.
227 2132 469 2169 ..πωπω
483 2132 702 2168 uimque:
726 2140 779 2162 see
792 2140 823 2172 p.
842 2129 897 2162 liv.

173 2175 207 2207 8.
231 2177 389 2206 ardent·
414 2176 542 2206 curia:
566 2173 588 2205 i.
602 2182 631 2205 e.
653 2183 697 2205 on
718 2173 774 2205 the
804 2173 900 2215 night

129 2218 168 2251 of
185 2217 243 2250 the
268 2217 355 2260 19th,
377 2217 500 2250 Ascon.
525 2226 587 2259 34:
601 2216 765 2259 fumante
787 2217 900 2250 would

53 2240 60 2299 ἶ
127 2261 213 2295 have
242 2262 324 2294 been
361 2271 454 2294 more
483 2267 646 2300 accurate,
677 2260 806 2304 though
836 2262 901 2294 less

127 2304 314 2339 rhetorical.

173 2359 205 2392 9.
227 2358 348 2388 nequo
379 2373 389 2383 .
415 2373 423 2381 .
448 2372 458 2382 .
490 2352 558 2382 ned
581 2352 719 2383 eum:
759 2349 811 2382 for
834 2348 901 2381 this

127 2391 900 2480 ἥψωεἰὲῆῑἻῗὲεἰςξςῑεξῑξὲίαζξειῖἓ

262 2462 269 2469 .
321 2462 330 2471 .
369 2461 378 2470 .
441 2462 450 2478 ,

128 2482 171 2514 be
181 2481 263 2514 used
278 2481 395 2524 rarely,
407 2481 497 2514 since
506 2482 550 2513 its
562 2481 715 2514 artificial
732 2481 900 2514 character

129 2525 157 2558 is
183 2535 223 2558 so
248 2529 420 2568 apparent.
466 2525 498 2558 It
520 2525 550 2557 is
569 2525 749 2568 employed
769 2530 806 2558 to
826 2535 899 2556 sum

128 2579 175 2613 up
190 2569 301 2613 points
316 2569 451 2612 already
465 2569 592 2602 arrived
607 2574 643 2600 at
667 2569 780 2602 before
795 2569 900 2612 going

128 2623 172 2646 on
197 2619 233 2646 to
258 2612 315 2646 the
336 2618 414 2646 next
437 2614 551 2656 topic:
587 2623 640 2646 see
663 2613 837 2656 Landgraf
855 2623 899 2644 on

129 2657 229 2690 Rosc.
246 2657 323 2689 Am.
339 2656 393 2690 62.

171 2711 293 2740 neque
308 2725 316 2733 .
329 2724 337 2734 .
350 2725 359 2735 .
375 2704 496 2740 modo,
506 2703 720 2738 sedetiam:
738 2701 804 2734 this
815 2701 900 2732 form

127 2744 170 2778 of
185 2745 371 2782 transition.
394 2745 461 2777 and
481 2755 586 2788 neque
608 2748 754 2783 tantum,
781 2754 899 2777 verum

127 2788 230 2822 etiam
245 2799 301 2822 are
316 2788 396 2831 only
407 2789 508 2821 found
523 2789 600 2822 here
615 2790 649 2821 in
665 2789 721 2821 the
732 2788 898 2831 speeches.

129 2831 204 2866 The
233 2832 333 2865 Latin
362 2833 529 2875 language
558 2843 627 2865 was
655 2833 726 2864 rich
757 2833 790 2864 in
817 2832 898 2864 such

129 2875 254 2910 forms:
295 2886 336 2918 24
363 2876 514 2909 different
543 2877 788 2909 combinations
816 2875 897 2907 used

127 2920 172 2962 by
201 2920 320 2953 Cicero
349 2930 404 2953 are
434 2920 604 2953 tabulated
635 2920 680 2962 by
706 2919 895 2958 Hellmuth,

126 2974 160 3008 p.
181 2973 253 3007 153,
272 2964 350 2997 who
364 2964 438 2997 also
453 2970 546 2997 notes
562 2964 634 2997 that
649 2974 766 2996 verum
782 2964 896 3004 etiam,

834 1791 886 1815 10.
910 1782 1012 1814 modo
1027 1792 1091 1815 om.
1110 1782 1158 1814 H.

687 1835 737 1858 12.
762 1826 879 1869 populi
896 1827 1039 1858 Romani
1055 1837 1062 1858 :
1086 1827 1131 1858 R.
1148 1827 1189 1858 P.
1208 1825 1255 1857 H.

890 1880 942 1902 20.

1247 1781 1319 1813 his:
1344 1780 1390 1812 iis
1405 1779 1453 1811 H.
1598 1787 1647 1810 11.
1671 1779 1741 1811 eius

1415 1832 1466 1863 13.
1490 1822 1562 1856 cui:
1585 1821 1650 1855 cui'
1667 1823 1739 1855 TE.

968 1871 1022 1902 An
1038 1882 1046 1902 :
1069 1874 1106 1902 at
1122 1870 1168 1902 H.

969 1964 1006 1986 as
1022 1963 1113 1986 more
1128 1963 1298 1991 sonorous,
1315 1952 1343 1984 is
1366 1950 1526 1994 specially
1541 1950 1679 1982 affected
1696 1951 1740 1992 by

970 1998 1090 2030 Cicero
1100 1997 1131 2028 in
1145 1997 1197 2028 his
1213 1995 1366 2038 youthful
1377 1995 1543 2038 speeches,
1555 1995 1737 2036 occurring,

969 2052 996 2074 e.
1010 2053 1044 2084 g.
1075 2050 1113 2082 15
1141 2042 1239 2073 times
1264 2041 1297 2072 in
1325 2040 1380 2072 the
1408 2039 1504 2071 Rosc.
1531 2040 1610 2070 Am.
1656 2039 1687 2069 It
1712 2039 1739 2071 is

968 2085 1152 2128 frequently
1167 2084 1301 2127 glossed
1320 2085 1362 2125 by
1376 2083 1434 2115 sed
1451 2083 1562 2121 etiam,
1589 2082 1628 2114 cf.
1650 2084 1687 2120 ξς
1707 2091 1737 2122 3,

969 2132 1012 2163 80
1029 2140 1074 2161 cr.
1093 2140 1127 2161 n.

1018 2183 1066 2205 12.
1089 2177 1241 2211 pubem:
1273 2183 1314 2204 an
1344 2170 1517 2210 archaism,
1554 2169 1595 2203 es.
1632 2169 1738 2202 Plaut.

968 2217 1087 2249 Pseud.
1102 2226 1114 2248 1
1124 2216 1163 2248 26
1166 2217 1254 2259 pube
1263 2215 1424 2258 praesenti
1435 2215 1468 2245 in
1478 2214 1640 2252 contione,
1649 2213 1739 2245 omni

961 2261 1068 2304 poplo,
1081 2261 1146 2292 and
1157 2261 1288 2298 Paulus,
1300 2271 1331 2302 p.
1347 2268 1362 2290 2
1368 2268 1406 2300 52
1412 2258 1499 2301 pube
1512 2263 1678 2299 praesente
1689 2262 1738 2289 est

961 2305 1085 2348 populo
1098 2309 1278 2347 praesente,
1291 2301 1533 2343 συνεκδοχικῶς,
1550 2302 1592 2332 ab
1604 2301 1665 2340 his,
1683 2301 1737 2341 qui

968 2350 1110 2392 puberes
1136 2353 1223 2388 sunt,
1252 2358 1385 2379 omnem
1417 2345 1578 2388 populum
1613 2344 1736 2387 signifi-

969 2403 1060 2426 cans.
1123 2392 1196 2424 The
1227 2391 1319 2424 word
1350 2391 1378 2422 is
1407 2395 1466 2421 not
1497 2389 1577 2421 used
1608 2388 1641 2419 in
1671 2388 1737 2420 this

967 2447 1059 2469 sense
1074 2436 1250 2469 elsewhere
1267 2436 1298 2467 in
1315 2435 1372 2467 the
1387 2433 1552 2476 speeches.
1601 2433 1666 2463 For
1681 2432 1738 2464 the

967 2491 1024 2513 use
1049 2481 1087 2513 of
1109 2480 1242 2512 arehaic
1265 2479 1374 2511 words
1401 2488 1436 2510 as
1459 2489 1479 2509 a
1502 2477 1737 2508 decoration—

969 2525 1104 2566 ‘quibus
1116 2550 1123 2557 .
1138 2549 1145 2555 .
1160 2548 1167 2554 .
1180 2523 1337 2565 grandior
1346 2527 1444 2564 atque
1456 2521 1619 2562 antiquior
1630 2521 1736 2551 oratio

966 2579 1066 2611 saepe
1095 2568 1199 2599 videri
1229 2567 1313 2598 solet
1325 2565 1416 2597 '—cf.
1443 2565 1485 2597 de
1508 2565 1564 2596 Or.
1590 2564 1637 2596 iii.
1664 2572 1734 2604 153.

968 2613 1028 2644 Dr.
1069 2611 1154 2644 Reid
1192 2611 1338 2642 remarks
1371 2610 1442 2641 that
1480 2613 1488 2625 ⁸
1501 2609 1634 2650 phrases
1667 2607 1736 2639 like

967 2657 1123 2688 Romana
1135 2655 1238 2696 pubes
1258 2665 1313 2686 are
1330 2663 1483 2686 common
1500 2653 1533 2683 in
1555 2652 1610 2683 the
1628 2657 1734 2693 poets,

967 2699 1062 2740 Livy,
1073 2699 1138 2731 and
1155 2699 1246 2737 later,
1260 2699 1317 2730 but
1331 2698 1454 2730 Caesar
1466 2696 1526 2727 has
1537 2695 1616 2737 only
1627 2704 1736 2726 omnes

989 2743 1123 2775 uberes.’

959 2748 988 2786 p
1015 2797 1064 2828 15.
1089 2796 1228 2825 magna.
1245 2788 1326 2817 vlt:
1351 2784 1393 2817 cf.
1409 2784 1507 2816 Rosc.
1525 2783 1603 2815 Am.
1620 2781 1662 2814 66
1686 2781 1737 2814 sor

966 2841 986 2862 a
1002 2830 1132 2863 similar
1145 2830 1249 2872 topic.

1013 2884 1063 2917 19.
1087 2885 1110 2906 a
1125 2878 1260 2907 uenatu
1275 2876 1455 2911 probata:
1479 2873 1547 2909 so§
1569 2879 1618 2902 12.
1662 2869 1736 2901 The

966 2923 1140 2951 statement
1163 2919 1191 2950 is
1212 2917 1378 2960 probably
1402 2927 1422 2947 a
1442 2915 1559 2958 highly
1578 2913 1737 2946 coloured

965 2973 1039 2996 one.
