1942 3236
631 167 983 214 APPENDJX
1018 173 1099 217 JV.
1588 192 1671 238 135

571 646 1011 697 APPENDIX
1075 650 1162 698 IV.

319 779 628 824 MEDIAEVAL
657 780 958 826 ARGUMENT
989 792 1053 826 To
1084 794 1187 827 THE
1220 785 1427 829 SPEECH.

57 915 81 956 ξ’
127 921 162 934 ιιι.
183 905 315 959 carious
327 905 551 940 introductioni
566 910 604 940 to
618 907 675 940 the
689 908 811 950 speech
827 908 855 940 is
872 908 974 941 found
989 909 1023 941 in
1040 910 1076 941 H
1093 910 1158 942 and
1175 910 1214 943 E.
1252 911 1292 943 In
1306 911 1341 943 H
1358 911 1384 944 it
1399 911 1427 943 is
1442 916 1501 944 out
1517 912 1557 944 of
1568 882 1673 955 place,

32 966 73 1004 5⁴*
344 950 430 983 nster
449 950 506 1002 tlie
529 951 649 994 speech
666 955 674 968 ‘
686 952 728 984 de
745 952 892 994 Imperio
911 953 973 986 Cn.
990 954 1151 996 Pompei,’
1167 954 1233 986 and
1248 955 1349 997 being
1363 955 1518 988 followed
1535 957 1675 989 without

33 1002 62 1036 J
103 1038 107 1040 ῃ
152 1003 220 1038 any
232 1004 305 1045 ¹³⁸5*
342 994 383 1027 of
391 993 533 1027 division
548 995 593 1038 by
604 1006 697 1028 some
711 995 886 1029 selections
901 997 987 1029 from
1004 997 1060 1030 the
1078 998 1231 1030 Verrines
1247 999 1299 1040 [iii
1316 999 1381 1030 and
1397 999 1457 1040 iv].
1507 1000 1544 1031 In
1563 1001 1591 1031 E
1606 1000 1631 1032 it
1648 1000 1676 1032 is

33 1009 63 1050 Ἢ
150 1037 251 1082 given
273 1047 308 1071 m
329 1037 387 1071 the
408 1038 539 1080 margin
563 1039 603 1071 of
622 1039 677 1072 the
700 1039 770 1072 first
794 1051 880 1082 page
903 1040 942 1073 of
960 1041 1017 1074 the
1040 1043 1121 1083 ‘pro
1146 1041 1293 1074 Milone.’
1339 1042 1356 1073 I
1380 1043 1463 1075 have
1486 1043 1567 1075 thou
1592 1044 1628 1075 ht
1650 1043 1675 1076 it

34 1083 61 1122 {J
150 1081 260 1134 vortit
277 1081 434 1133 printing·
445 1082 534 1115 since
554 1083 581 1115 it
599 1082 724 1115 throws
747 1094 839 1116 some
856 1084 942 1126 light
957 1095 1047 1126 upon
1065 1085 1121 1118 the
1135 1085 1355 1128 relationship
1371 1087 1410 1118 of
1421 1087 1476 1119 the
1491 1091 1559 1118 two
1568 1055 1674 1120 gMSS.

98 1178 107 1186 -
151 1125 189 1162 It
205 1124 278 1159 '111
297 1125 499 1204 gednotkoed
509 1126 600 1203 'ltlfiat
621 1127 678 1160 the
704 1127 899 1160 alterations
922 1128 960 1179 oi:
978 1129 1034 1161 the
1056 1129 1178 1162 second
1201 1130 1290 1162 hand
1313 1130 1346 1161 in
1372 1130 1486 1180 H·are
1508 1131 1676 1181 generally

153 1169 331 1266 '‘”mdfflungiy
344 1180 525 1247 ω’ἓεηὲιεε
538 1181 596 1247 aie
635 1176 796 1266 denssess}
806 1172 992 1267 3023&ss
1004 1172 1676 1260 ἓῖζὲῗὲῗᾞὲῘὲιξῗέἰξῗὲξέιῖἳῖζῖἑοῑῖ

153 1267 296 1302 appears
309 1268 345 1290 m
360 1258 400 1295 E.
415 1267 470 1291 see
485 1257 645 1291 Freund's
660 1258 822 1292 faemmile
837 1260 904 1292 and
921 1261 1167 1301 Baiter-Halm,
1186 1270 1235 1294 ιι.
1258 1271 1287 1293 2.
1304 1272 1336 1304 p.
1357 1261 1468 1304 115²·]

24 1355 47 1387 '³1
118 1358 164 1401 1².
194 1359 370 1400 CLomus
406 1366 563 1400 senator
599 1360 805 1400 seditiosus
838 1367 949 1400 erat·
971 1368 1009 1400 et
1040 1361 1236 1402 tirannicis
1273 1363 1445 1401 moribus
1482 1362 1515 1401 is
1547 1362 1676 1401 multis

31 1426 223 1468 iniufias
241 1425 332 1467 fecit
351 1446 362 1458 ·
381 1432 420 1466 et
441 1425 581 1466 caedes
600 1447 610 1457 ·
631 1432 670 1466 et
693 1426 874 1466 incendia
896 1449 904 1458 ·
925 1434 964 1466 et
987 1428 1236 1479 impletisque
1260 1429 1431 1467 imitatus
1455 1428 1648 1467 catilinam
1665 1450 1673 1459 ·

31 1500 242 1535 cateruas
273 1492 442 1532 habebat
474 1493 622 1532 circum
656 1504 697 1531 se
735 1492 879 1531 ciuium
910 1493 1149 1544 perditorum
1170 1515 1180 1524 ·
1200 1494 1295 1533 Erat
1328 1501 1461 1532 autem
1495 1494 1675 1533 inimicus

31 1559 200 1615 smiloni
219 1579 230 1590 ·
249 1560 334 1598 fac.
371 1565 410 1598 et
447 1558 549 1598 bene
587 1559 725 1598 merito
762 1558 811 1597 de
854 1572 934 1611 rep.
973 1567 1130 1611 repente
1168 1560 1282 1611 igitur
1325 1560 1471 1599 milone
1516 1560 1674 1599 consule

16 1675 18 1678 v
46 1654 223 1715 “petebat
257 1652 409 1693 clodius
440 1657 664 1704 praeturam
685 1673 694 1683 ·
715 1629 797 1704 quia
828 1654 943 1705 igitu'r
972 1655 1045 1693 sub
1075 1655 1220 1694 milone
1252 1654 1414 1694 consule
1443 1654 1599 1693 uidebat
1633 1667 1675 1694 se
1695 1665 1713 1698 5

21 1718 34 1748 s
63 1715 148 1763 fore
178 1726 378 1772 pretorem
413 1718 564 1758 clodius
584 1739 594 1749 ·
615 1725 795 1758 metuens
828 1721 990 1759 uirtutes
1022 1720 1177 1760 milonis
1197 1741 1206 1751 ·
1227 1727 1264 1759 et
1297 1721 1423 1760 sciens
1455 1720 1562 1770 quod
1596 1732 1677 1758 non

28 1836 30 1838 v
63 1786 166 1829 mori
200 1792 404 1838 geraturus
423 1803 433 1812 ·
453 1785 523 1824 sed
561 1797 852 1836 compressurus
889 1786 936 1825 sit
973 1787 1066 1826 milo
1103 1787 1261 1825 iniurias
1298 1798 1395 1838 quas
1429 1785 1554 1825 facere
1587 1798 1676 1836 pro-

23 1858 248 1911 {posuerat
273 1851 424 1892 clodius
445 1872 454 1883 ·
475 1851 608 1891 statuit
635 1851 782 1890 insidiis
804 1852 1110 1902 adgrediendum
1135 1860 1174 1892 et
1194 1853 1288 1891 dum
1310 1852 1560 1903 proficissitur
1583 1852 1676 1890 milo

15 1910 31 1933 ‘³'
64 1918 117 1960 ad
147 1918 308 1959 lanuum
337 1916 529 1970 oppidum
550 1938 559 1948 ·
575 1916 752 1956 collectis
786 1919 907 1957 seruis
929 1939 938 1949 ·
959 1919 1038 1957 suis
1066 1925 1104 1957 et
1136 1918 1351 1957 latronibus
1372 1939 1380 1949 ·
1402 1918 1544 1968 incepit
1571 1917 1677 1956 inuia

63 1996 239 2039 pugnare
259 2005 270 2015 ·
289 1983 385 2023 milo
411 1995 508 2022 uero
541 1982 694 2022 desiluit
713 2004 723 2014 ·
744 1989 781 2022 et
814 1995 864 2022 ex
897 1984 1058 2023 dextero
1090 1984 1208 2023 latere
1238 1983 1416 2023 recedere
1445 1983 1645 2034 pugnabat
1667 2004 1674 2012 -
1699 1995 1738 2018 ιο

65 2050 231 2093 Clodius
266 2057 400 2090 autem
436 2061 527 2089 cum
565 2049 738 2089 uenisset
757 2071 767 2080 ·
788 2050 829 2088 in
867 2050 988 2089 altera
1024 2057 1132 2101 parte
1153 2071 1163 2081 ·
1183 2057 1222 2089 et
1254 2049 1489 2089 contendere
1520 2049 1676 2087 uidisset

13 2166 18 2178 π
65 2156 200 2186 seruos
226 2143 384 2184 milonis
404 2173 414 2183 .
433 2143 530 2195 quid
554 2115 732 2191 confiditis
757 2141 893 2193 inquid
914 2164 923 2173 ·
944 2154 1036 2181 cum
1060 2142 1138 2180 iam
1162 2141 1346 2180 dominus
1371 2146 1500 2179 uester
1525 2140 1676 2179 occisus

18 2212 21 2213 ⁷
62 2211 138 2252 sit?
195 2210 306 2250 Serui
341 2221 437 2249 uero
460 2207 608 2248 -fideles
629 2226 638 2235 ·
659 2208 731 2247 rati
767 2220 904 2247 reuera
941 2220 1032 2246 eum
1066 2207 1207 2246 dixisse
1229 2228 1238 2238 ·
1258 2218 1354 2245 mox
1391 2205 1675 2245 interfecerunt.

11 2292 13 2294 ·
63 2276 160 2318 Post
182 2276 280 2316 haec
304 2275 414 2316 lelius
436 2274 553 2315 clodii
579 2274 723 2314 sodalis
752 2273 905 2313 satelles
926 2295 935 2304 ·
956 2286 1036 2325 quo
1064 2285 1154 2312 cum
1180 2280 1218 2312 et
1236 2272 1340 2323 leges
1360 2279 1560 2323 praeturae
1580 2283 1675 2309 con-

8 2341 31 2365 ’ἕ
59 2343 268 2396 scripserat
286 2363 296 2374 ·
317 2353 462 2393 corpus
484 2341 568 2380 eius
593 2340 717 2379 attulit
743 2352 896 2379 romam
916 2361 926 2371 ·
947 2347 986 2379 et
1009 2339 1218 2390 plurimum
1238 2338 1446 2388 tumultum
1467 2337 1647 2376 excitauit
1669 2357 1677 2366 ·
1698 2350 1735 2382 15

62 2443 103 2477 et
119 2435 240 2489 globo
259 2435 364 2476 facto
383 2411 678 2491 leidianorum
699 2455 709 2466 ·
729 2446 820 2486 pars
843 2435 970 2473 curiae
990 2434 1148 2473 incensa
1169 2438 1227 2471 est
1244 2453 1253 2463 ·
1270 2439 1308 2471 et
1327 2431 1466 2470 caedes
1486 2430 1678 2469 admissae

62 2520 153 2556 sunt
172 2535 182 2545 ·
202 2520 319 2566 atque
346 2513 504 2564 insuper
531 2524 619 2551 reus
647 2512 689 2551 fit
717 2512 824 2552 cedis
847 2511 943 2551 milo
969 2528 978 2537 ·
1007 2511 1114 2550 Tum
1144 2511 1267 2561 pomp
1288 2530 1297 2539 ·
1319 2509 1481 2547 dictator
1502 2530 1509 2538 -
1531 2519 1677 2546 cauens

4 2571 10 2629 ζ
61 2579 249 2621 inuidiam
269 2601 280 2610 ·
301 2579 449 2619 iudices
468 2578 573 2618 dedit
593 2599 603 2609 ·
623 2578 795 2630 optimos
815 2584 853 2616 et
873 2577 1103 2617 fortissimos
1127 2576 1231 2614 uiros
1256 2575 1439 2626 inquibus
1464 2573 1676 2612 domicium

62 2646 280 2699 principem
308 2651 557 2697 spernentem
579 2645 708 2684 minas
735 2644 1066 2683 tumultuosorum
1088 2664 1096 2672 ·
1118 2648 1156 2680 et
1182 2649 1355 2680 armatos
1374 2640 1514 2678 milites
1533 2639 1679 2678 circum

111 2775 140 2800 ι.
163 2766 319 2800 moribus.
335 2767 374 2799 Is
396 2777 440 2798 m.
461 2775 489 2807 2,
510 2766 549 2798 E.
729 2775 757 2798 2.
783 2764 955 2796 imitatus:
981 2762 1122 2795 mutatis
1146 2762 1186 2794 E.
1364 2770 1394 2801 4.
1420 2769 1456 2791 re
1471 2763 1507 2802 p.
1529 2769 1571 2791 m.
1594 2769 1622 2794 2.
1639 2759 1675 2790 E.

66 2819 96 2854 5.
121 2821 145 2844 a
159 2821 232 2854 sup.
246 2810 270 2844 1.
289 2821 334 2843 m.
354 2820 385 2850 2,
398 2810 481 2853 quia
498 2810 538 2843 E.
699 2816 728 2852 7.
752 2809 914 2850 manger.
929 2818 974 2839 m.
995 2816 1025 2857 ²¹.
1042 2807 1080 2857 E:
1228 2805 1260 2836 8.
1284 2808 1361 2847 post
1376 2803 1505 2845 adgred.
1524 2808 1681 2845 punctum

64 2854 142 2888 add.
161 2854 201 2888 E.
241 2853 473 2897 preficit-citur
486 2864 530 2886 m.
552 2862 582 2891 2,
598 2853 638 2885 E.
788 2862 822 2895 9.
847 2851 952 2884 &ervis
966 2861 1039 2883 suzs
1054 2860 1121 2882 sme
1137 2855 1259 2892 puncto
1277 2848 1316 2880 E.
1469 2856 1484 2898 ¹.
1491 2856 1520 2878 1.
1541 2847 1688 2897 alteratq.

2 2908 6 2910 ·
57 2901 192 2942 partem
210 2898 251 2931 E.
395 2906 445 2930 12.
471 2897 669 2930 contenditis
685 2897 726 2931 E.
863 2905 919 2936 15.
943 2904 978 2927 re
994 2904 1078 2927 uera
1093 2904 1139 2926 m.
1159 2903 1189 2926 2.
1324 2891 1373 2924 16.
1398 2890 1625 2923 clodzanorum
1643 2890 1682 2922 E.

11 2958 15 2959 ⁷
68 2948 123 2985 17.
143 2941 252 2975 caedis
266 2941 307 2975 E.
347 2941 523 2985 pompeius
539 2941 577 2973 E.
