1942 3236
242 186 298 230 72
694 173 755 216 M.
804 173 996 215 TULLI
1030 171 1372 216 CICERONIS

150 302 224 347 30
242 289 388 340 modo,
418 289 495 331 sed
526 289 658 331 etiam
687 302 789 331 vere
819 288 1176 343 praedicandum.
1240 287 1420 330 Etenim
1447 286 1483 329 si
1509 287 1554 329 id
1575 300 1663 329 non
1684 292 1832 342 negat,

178 360 223 389 81
241 372 299 400 ex
327 372 415 412 quo
440 357 546 399 nihil
573 358 683 412 petit
711 358 792 399 nisi
820 362 870 399 ut
894 357 1157 411 ignoscatur,
1179 357 1400 399 dubitaret
1428 355 1472 397 id
1501 355 1640 407 fateri,
1659 369 1718 398 ex
1742 367 1832 410 quo

241 416 373 469 etiam
407 427 603 482 praemia
635 426 776 468 laudis
811 431 956 468 essent
987 425 1208 479 petenda?
1238 422 1338 481 (nisi
1373 438 1476 467 vero
1510 425 1675 478 gratius
1706 429 1834 479 putat

242 508 337 537 esse
366 495 507 546 vobis,
537 495 604 536 sui
634 508 681 536 se
711 494 866 550 capitis
896 507 1029 548 quam
1059 494 1192 535 vestri
1223 492 1495 535 defensorem
1524 490 1675 549 fuisse)
1691 506 1702 544 ;
1731 505 1832 535 curn

243 563 496 618 praesertim
521 564 563 604 in
587 563 664 605 tali
687 563 977 614 confessione,
990 563 1026 604 si
1046 563 1159 616 grati
1183 576 1277 604 esse
1296 561 1480 612 velletis,
1500 561 1688 604 honores
1707 561 1833 604 adse·
1852 569 1871 602 5

244 638 448 687 queretur
474 633 778 686 amplissimos,
810 632 875 683 sin
906 631 1071 673 factum
1102 631 1229 673 vobis
1259 644 1348 673 non
1378 631 1638 686 probaretur
1661 628 1834 687 (quam-

245 714 378 755 quam
400 701 474 755 qui
497 707 672 754 poterat
700 700 818 742 salus
845 713 924 742 sua
954 700 1158 754 cuiquam
1189 713 1278 742 non
1307 699 1481 754 probari
1498 697 1546 756 ?)‚
1566 699 1644 742 sed
1674 705 1837 750 tamen,

245 770 283 812 si
320 770 464 810 minus
497 768 721 811 fortissimi
756 769 835 810 viri
866 769 1005 811 virtus
1041 768 1208 810 civibus
1243 775 1370 823 grata
1402 768 1644 819 cecidisset,
1674 781 1836 822 magno

246 839 394 880 animo
435 838 742 891 constantique
781 839 957 880 cederet
996 852 1054 879 ex
1096 837 1268 893 ingrata
1311 837 1500 880 civitate.
1572 837 1692 879 Nam
1732 836 1836 891 quid

249 913 362 948 esset
389 907 600 961 ingratius
631 920 763 961 quam
796 906 949 949 laetari
977 911 1159 957 ceteros,
1180 906 1330 960 lugere
1357 919 1458 947 eum
1482 904 1639 957 solum,
1659 910 1839 960 propter
1859 921 1900 944 10

182 986 229 1016 82
248 989 379 1030 quem
401 976 530 1018 ceteri
552 975 847 1018 laetarentur?
908 974 1192 1030 Quamquam
1213 975 1296 1017 hoc
1317 975 1465 1015 animo
1485 988 1659 1029 semper
1677 973 1840 1016 fuimus

249 1057 404 1086 omnes
435 1045 479 1085 in
512 1045 679 1098 patriae
710 1044 1009 1098 proditoribus
1040 1043 1350 1098 opprimendis,
1372 1051 1434 1093 ut,
1457 1043 1666 1098 quoniam
1693 1042 1840 1085 futura

130 1138 186 1203 Ἴ
249 1119 363 1156 esset
413 1119 562 1154 nostra
611 1113 763 1167 gloria,
806 1112 1044 1167 periculum
1089 1126 1265 1167 quoque
1305 1118 1350 1154 et
1388 1112 1595 1154 invidiam
1642 1117 1840 1154 nostram

213 1135 517 1236 &putaremus
577 1181 696 1223 Nam
736 1195 850 1236 quae
891 1182 995 1223 mihi
1042 1181 1274 1224 tribuenda
1312 1181 1396 1237 ipsi
1435 1180 1532 1223 laus
1576 1187 1702 1233 esset,
1741 1193 1842 1223 cum

298 1286 327 1309 1.
349 1276 406 1308 sed
428 1277 526 1309 etiam
550 1287 625 1309 vere
649 1277 707 1311 H:
737 1288 853 1309 verum
876 1278 976 1310 etiam
998 1287 1074 1309 vere
1095 1277 1246 1309 Lambin.
1264 1287 1272 1314 ς
1296 1287 1412 1309 verum
1435 1276 1537 1309 etiam
1559 1275 1629 1308 TE.

253 1320 282 1352 is
297 1320 366 1352 TE.
494 1330 522 1352 2.
546 1331 587 1353 ex
601 1331 667 1362 quo
681 1332 688 1353 :
712 1325 744 1352 et
758 1321 846 1363 quod
858 1322 904 1353 H.
995 1321 1083 1363 quod
1095 1326 1169 1352 ante
1185 1321 1288 1352 dubit.
1306 1321 1382 1352 add.
1396 1321 1442 1352 H.
1612 1330 1646 1361 4.
1668 1319 1768 1352 vestri
1784 1319 1821 1351 H
1835 1329 1844 1351 z

252 1363 356 1396 vestri
369 1363 497 1396 ordinis
509 1364 580 1396 rell.
881 1375 956 1396 cum
973 1389 981 1397 .
1000 1389 1007 1396 .
1027 1388 1035 1396 .
1054 1364 1279 1406 amplissimos
1293 1368 1370 1406 post
1391 1364 1530 1406 petenda
1551 1363 1574 1395 l.
1600 1373 1620 1405 3
1642 1362 1847 1405 transposuit

251 1407 466 1448 Heerwagen.
590 1417 620 1448 5.
644 1407 678 1439 in
700 1407 762 1439 tali
785 1408 842 1440 H:
867 1408 907 1439 in
929 1418 966 1440 ea
988 1407 1060 1440 rell.
1212 1406 1244 1439 6.
1267 1408 1318 1439 sin
1341 1407 1412 1440 Hs:
1436 1407 1470 1439 si
1490 1407 1585 1440 TEa.
1637 1417 1704 1439 non
1718 1417 1780 1438 om.
1796 1405 1844 1438 H.

256 1459 305 1482 10.
325 1461 423 1492 quam
438 1462 458 1481 :v
460 1450 574 1492 potius
585 1461 685 1492 quam
702 1451 749 1483 H.
819 1460 869 1484 11.
895 1451 1016 1483 fuimus
1028 1461 1142 1483 omnes
1157 1451 1192 1482 H
1207 1461 1215 1483 :
1238 1461 1347 1483 omnes
1349 1450 1491 1493 suimus
1504 1451 1576 1483 rell.
1663 1459 1713 1482 12.
1738 1449 1847 1489 futura

253 1499 337 1526 esset
358 1499 470 1525 nostra
485 1494 540 1526 H:
565 1498 677 1526 nostra
681 1493 811 1537 sutura
833 1499 911 1527 esset
933 1494 1004 1527 rell.
1153 1503 1203 1535 14.
1226 1494 1397 1527 tribuenda
1418 1494 1491 1537 ipsi,
1510 1494 1647 1537 scripsi:
1669 1492 1847 1526 mouenda

253 1537 327 1579 ipsa
349 1537 405 1576 H;
421 1537 488 1579 ipsi
508 1537 584 1569 trib.
606 1537 676 1569 TE.
724 1538 819 1570 laus:
839 1539 932 1570 salus
947 1538 988 1571 T.

1716 1275 1750 1309 id
1765 1275 1845 1308 Ha:

304 1628 331 1651 1.
367 1623 433 1652 sed
476 1624 591 1652 etiam
630 1631 740 1653 vere:
790 1631 864 1652 vere
885 1635 915 1647 =
936 1620 1018 1661 iure,

1131 1628 1159 1661 5.
1183 1622 1246 1652 in:
1281 1618 1323 1652 cf.
1350 1620 1447 1652 Rosc.
1475 1619 1551 1653 Am.
1584 1628 1625 1662 95
1653 1630 1718 1662 qua
1748 1619 1787 1652 in
1816 1629 1851 1652 re

257 1663 297 1696 cf.
321 1663 421 1695 Tusc.
445 1664 489 1695 D.
513 1664 533 1695 i.
559 1665 599 1704 83
623 1674 696 1695 vere
719 1669 749 1696 et
774 1665 850 1695 iure
873 1675 1017 1706 possum,

1086 1664 1171 1696 nihil
1187 1663 1278 1695 aliud
1292 1663 1488 1706 adsequeris.

256 1707 330 1739 infr.
355 1709 370 1744 ξ
395 1708 446 1746 82,
469 1707 552 1739 Sest.
575 1709 605 1745 8,
627 1710 688 1739 διο.
733 1707 805 1739 The
828 1707 964 1749 reading
987 1707 1025 1739 of

258 1750 448 1789 Lambinus
470 1761 586 1782 verum
609 1751 709 1782 etiam
731 1761 815 1788 vere,
836 1751 862 1782 is
886 1761 947 1782 one
970 1751 1022 1782 for

257 1793 365 1825 which
390 1794 406 1824 I
428 1794 511 1825 have
537 1794 636 1825 found
663 1805 706 1825 no
730 1794 825 1826 MSS.
845 1795 1023 1836 authority,

258 1837 323 1868 and
346 1837 508 1878 probably
528 1838 554 1868 is
569 1849 588 1869 a
605 1837 787 1878 conjecture
802 1838 840 1869 of
852 1838 923 1870 that
938 1848 1023 1869 mas-

259 1880 357 1912 tersul
379 1880 520 1912 scholar.
566 1881 582 1911 Ι
605 1891 658 1912 am
679 1886 737 1912 not
759 1891 840 1922 sure,
859 1881 1020 1919 however,

259 1923 331 1955 that
346 1923 386 1954 he
403 1924 430 1955 is
445 1929 503 1955 not
518 1924 615 1965 right.
656 1924 688 1955 If
699 1934 736 1955 so
754 1924 787 1954 H
805 1924 864 1956 has
879 1924 1023 1956 retained

259 1977 345 2004 vere,
358 1967 417 1998 but
431 1967 624 1998 substituted
640 1967 698 1998 sed
708 1968 757 1999 for
771 1977 887 1999 verum
901 1967 958 2010 [cf.
973 1971 988 2005 ξ
1005 1977 1023 2007 3

261 2021 303 2042 cr.
313 2009 373 2051 n.],
381 2009 480 2041 while
487 2011 547 2041 TE
554 2012 635 2042 omit
647 2021 731 2049 vere,
741 2011 800 2043 but
806 2011 888 2052 keep
895 2021 1022 2042 verum.

264 2054 330 2084 For
352 2053 476 2084 similar
497 2054 714 2085 alliterations
735 2054 774 2085 cf.
794 2054 835 2086 de
858 2055 983 2086 Invent.
1000 2054 1024 2085 i.

263 2096 305 2136 84
324 2106 441 2128 verum
461 2097 489 2127 si
507 2102 646 2134 veretur,
669 2098 701 2129 ii.
724 2106 763 2138 55
785 2107 902 2128 verum
923 2098 1023 2129 etiam

261 2140 447 2171 verborum.

305 2186 615 2221 praedicandum:
654 2184 693 2216 cf.
722 2184 821 2216 Tusc.
853 2185 896 2215 D.
925 2195 954 2214 v.
982 2193 1024 2224 43

262 2226 351 2268 quod
381 2231 490 2258 autem
515 2227 678 2266 laetabile,
708 2227 740 2258 id
761 2227 1026 2269 praedicandum

263 2275 295 2301 et
315 2274 396 2309 prae
419 2280 451 2301 se
466 2268 662 2310 serendum,
691 2271 754 2302 and
788 2273 804 2308 ξ
833 2280 872 2311 52
895 2281 930 2303 n.
986 2271 1025 2302 In

263 2313 350 2345 Cato
377 2313 425 2345 M.
455 2323 491 2353 31
526 2313 581 2345 the
608 2313 676 2345 first
702 2314 788 2345 hand
819 2314 850 2345 in
880 2314 909 2345 L
935 2314 1026 2355 gives

240 2382 243 2385 .
263 2366 337 2388 vere
356 2357 555 2397 praedicans
578 2357 618 2388 de
645 2368 688 2395 se,
714 2358 752 2389 of
772 2357 882 2389 which
905 2357 1028 2389 Miiller

265 2409 338 2441 says
381 2403 387 2414 ¹
386 2399 472 2440 fort.
506 2399 606 2432 ναῖε]
648 2401 743 2442 [vera
780 2400 884 2442 edd.].
943 2400 1027 2432 This

263 2443 399 2483 reading
440 2443 539 2481 there,
579 2443 643 2474 and
685 2444 756 2475 that
793 2444 831 2475 of
872 2444 907 2475 H
938 2444 1027 2484 here,

265 2487 472 2518 corroborate
488 2487 569 2528 each·
584 2487 686 2520 other.

311 2538 341 2568 3.
364 2533 532 2566 praemia.
556 2534 702 2563 laudis:
738 2541 782 2562 sc.
806 2531 947 2562 rewards
965 2529 1031 2572 fir

265 2573 318 2604 his
355 2573 475 2612 merits,
509 2573 550 2606 cf.
579 2574 650 2606 Cat.
682 2574 727 2605 iii.
764 2573 804 2605 26
835 2574 1028 2615 praemium

266 2616 427 2651 virtutis;
451 2627 488 2647 or
503 2617 567 2647 less
587 2617 749 2659 probably
765 2617 819 2649 the
840 2618 979 2658 genitive
1000 2617 1028 2648 is

267 2660 500 2700 epexegetical,
517 2670 560 2692 se.
579 2664 586 2678 ‘
602 2661 695 2691 meed
713 2661 751 2692 of
762 2659 888 2702 praise.’

311 2712 342 2743 4.
362 2707 503 2735 vestri:
537 2714 582 2735 sc.
610 2704 736 2745 capitis.
781 2703 854 2735 The
880 2703 1029 2735 addition

267 2746 397 2778 ordinis
430 2746 531 2778 found
566 2747 598 2778 in
630 2748 676 2778 all
707 2747 802 2779 MSS.
834 2752 948 2788 except
979 2747 1026 2788 H,

268 2790 423 2830 proceeds
439 2789 522 2821 from
539 2801 558 2821 a
575 2801 704 2831 person,
716 2791 792 2822 who
804 2790 947 2832 thought
958 2790 1030 2822 that

268 2832 360 2864 there
375 2843 443 2865 was
458 2843 519 2865 one
537 2834 612 2865 ordo
633 2834 794 2865 iudicum.
840 2834 913 2865 The
924 2833 1030 2874 jurors

268 2876 431 2917 belonged
469 2882 504 2908 to
542 2877 632 2909 three
668 2878 808 2916 ordines,
846 2877 887 2910 ef.
930 2880 947 2916 5
987 2885 1028 2919 95

266 2924 449 2952 vestrorum
465 2919 633 2953 ordinum.

1086 2226 1200 2269 potius
1214 2230 1385 2268 praestare
1407 2227 1471 2259 Pis.
1491 2236 1540 2268 15.

1131 1708 1161 1739 8.
1185 1712 1298 1745 gratu
1314 1730 1321 1738 .
1339 1731 1346 1738 .
1364 1732 1372 1739 .
1389 1711 1562 1745 inmun:
1583 1717 1629 1740 se.
1653 1703 1848 1738 ‘weleome'

1089 1776 1097 1784 .
1116 1775 1124 1783 .
1141 1774 1150 1783 .
1168 1749 1377 1782 ‘thankless.'
1422 1749 1495 1782 The
1525 1751 1617 1782 word
1648 1750 1677 1782 is
1705 1749 1787 1782 used
1816 1748 1850 1780 in

1088 1799 1153 1826 two
1169 1795 1348 1835 meanings,
1365 1794 1406 1826 cf.
1425 1796 1442 1832 5
1459 1794 1502 1834 83
1511 1804 1545 1825 n.

1137 1847 1186 1870 10.
1209 1841 1424 1875 mmmm:
1462 1837 1519 1869 the
1557 1836 1706 1869 addition
1736 1835 1851 1878 potius

1091 1880 1190 1912 found
1216 1880 1249 1911 in
1276 1880 1311 1912 H
1337 1881 1445 1922 might
1470 1881 1511 1912 be
1540 1880 1698 1913 defended
1726 1890 1770 1912 on
1796 1878 1852 1911 the

1089 1924 1233 1965 analogy
1244 1923 1289 1962 of,
1300 1934 1326 1955 e.
1335 1935 1367 1965 g.
1380 1924 1421 1956 de
1432 1923 1489 1956 Or.
1504 1924 1538 1956 ii.
1553 1933 1617 1964 300
1628 1933 1704 1956 cum
1718 1922 1852 1965 quidem

1090 1967 1120 1999 ei
1137 1968 1234 1999 fuerit
1253 1966 1430 2008 optabilius
1451 1967 1603 2000 oblivisci
1626 1977 1723 2009 posse
1737 1966 1854 2008 potius

1090 2021 1189 2052 quam
1226 2010 1423 2043 meminisse.
1469 2011 1647 2043 Hellmuth
1686 2010 1731 2052 [p.
1774 2007 1852 2050 166]

1091 2059 1207 2096 quotes
1228 2054 1295 2085 Pis.
1311 2062 1351 2093 33
1372 2055 1506 2096 quaevis
1528 2054 1606 2095 suga
1618 2053 1734 2095 potius
1752 2062 1853 2095 quam

1090 2097 1161 2128 ulla
1176 2097 1345 2139 provincia
1359 2102 1441 2129 esset
1456 2098 1607 2139 optatior,
1622 2097 1683 2129 but
1698 2097 1775 2128 here
1789 2095 1853 2127 TV

1092 2141 1174 2172 omit
1189 2140 1312 2182 potius.
1358 2140 1475 2172 Potius
1491 2141 1589 2172 malle
1609 2140 1637 2172 is
1651 2139 1753 2172 found
1773 2139 1854 2171 Div.

1093 2184 1125 2215 in
1150 2184 1246 2216 Caec.
1273 2192 1323 2222 21,
1339 2184 1441 2224 prius
1465 2184 1563 2216 malle
1584 2184 1718 2224 Quinct.
1739 2193 1770 2225 9,
1789 2181 1855 2214 and

1586 2227 1753 2259 Instances
1769 2226 1855 2258 from

1093 2271 1173 2302 later
1182 2270 1316 2301 authors
1327 2280 1381 2302 are
1390 2270 1486 2311 given
1498 2271 1541 2312 by
1554 2269 1710 2308 Wfflffiin,
1718 2269 1852 2307 Archiv,

1096 2314 1191 2354 1884,
1207 2324 1240 2355 p.
1265 2322 1338 2352 101,
1357 2313 1434 2345 who
1456 2318 1550 2346 notes
1572 2314 1628 2345 the
1651 2313 1778 2344 similar
1799 2322 1856 2344 use

1093 2357 1131 2388 of
1149 2357 1276 2396 minus,
1291 2367 1320 2389 e.
1330 2367 1363 2398 g.
1381 2357 1496 2388 minus
1516 2357 1619 2389 altior
1637 2357 1700 2390 Ov.
1717 2357 1806 2388 Fast.
1829 2355 1852 2386 i.

1094 2399 1168 2441 526.
1236 2400 1325 2432 Here
1366 2400 1382 2431 Ι
1418 2405 1539 2433 cannot
1575 2401 1634 2432 but
1670 2400 1766 2432 think
1800 2399 1857 2431 the

1093 2443 1283 2475 immediate
1293 2443 1533 2485 juxtaposition
1550 2443 1588 2475 of
1590 2443 1706 2486 potius
1720 2443 1785 2475 and
1800 2442 1857 2474 the

1094 2487 1316 2529 comparative
1331 2487 1440 2518 haxsh.
1485 2487 1552 2518 For
1566 2486 1621 2518 the
1640 2486 1801 2518 intrusion
1821 2484 1861 2518 of

1094 2531 1150 2562 the
1170 2530 1262 2561 word
1285 2529 1326 2562 cf.
1343 2530 1408 2563 Pis.
1429 2530 1451 2562 l.
1468 2541 1496 2562 c.
1517 2530 1582 2561 and
1605 2530 1678 2572 Lig.
1702 2540 1720 2571 5
1738 2529 1856 2562 Uticae

1094 2583 1196 2616 quam
1226 2573 1354 2605 Romae
1378 2597 1386 2605 .
1411 2598 1420 2606 .
1445 2598 1453 2606 .
1479 2583 1548 2605 esse
1572 2597 1580 2604 .
1605 2597 1615 2606 .
1640 2597 1648 2604 .
1676 2573 1857 2612 malm‘sset,

1095 2616 1203 2648 where
1229 2617 1352 2648 several
1379 2616 1459 2648 dett.
1485 2617 1584 2648 insert
1607 2617 1722 2659 potius
1746 2615 1859 2648 before

1095 2670 1207 2702 quam.
1274 2659 1341 2691 For
1375 2659 1432 2692 the
1468 2659 1634 2692 literature
1676 2669 1765 2701 upon
1802 2658 1859 2691 the

1095 2703 1219 2744 subject
1240 2713 1293 2735 see
1318 2703 1431 2735 Madv.
1449 2709 1524 2744 307,
1540 2704 1608 2735 obs.
1625 2703 1662 2735 I:
1686 2702 1766 2734 RH.
1777 2701 1857 2743 836,

1095 2747 1162 2779 and
1177 2757 1210 2778 n.
1227 2755 1301 2787 404,
1315 2746 1400 2778 Reid
1416 2757 1459 2779 on
1474 2747 1535 2778 Ac.
1550 2747 1573 2779 i.
1589 2755 1643 2787 45.

1142 2798 1194 2830 13,
1214 2799 1262 2830 ¹4-
1285 2793 1437 2822 nostra..
1460 2814 1468 2822 .
1486 2787 1752 2827 ‚1921:inboth
1767 2798 1860 2821 enses

1096 2833 1152 2865 the
1169 2833 1263 2865 order
1276 2832 1373 2874 given
1388 2837 1424 2865 to
1440 2833 1497 2866 the
1511 2833 1619 2866 words
1639 2833 1682 2874 by
1698 2832 1734 2864 H
1753 2841 1859 2865 seems

1097 2887 1187 2908 more
1202 2876 1381 2918 emphatic.

1139 2923 1347 2954 invidiam:
1379 2919 1430 2952 for
1453 2917 1601 2953 Cicero’s
1624 2917 1859 2962 unpopularity
