1942 3236
286 222 368 265 124
734 208 1013 251 SCHOLIA
1055 206 1411 250 BOBIENSIA

341 325 562 379 Quoniam
598 330 643 367 et
679 338 838 378 augere
878 330 1051 379 poterat
1092 323 1300 366 invidiam
1343 323 1537 372 Milonis,
1568 327 1613 364 et
1653 327 1878 364 commen·

283 394 476 437 dabilem
507 395 649 435 facere
680 393 937 435 memoriam
960 393 1006 435 P.
1034 392 1163 435 Clodi
1185 392 1364 447 Appiae
1393 393 1490 434 viae
1523 391 1702 440 mentio,
1728 391 1772 432 in
1792 403 1881 444 qua

285 464 501 505 maiorum
524 463 617 503 eius
639 462 793 505 titulus
815 461 1048 513 eminebat,
1070 475 1247 503 omnem
1269 462 1382 503 hanc
1404 460 1634 503 materiam
1655 459 1881 502 cuiusdam

284 532 406 574 taciti
421 531 577 573 favoris
594 531 821 573 defloravit
835 536 981 572 orator
998 546 1006 572 :
1023 531 1147 584 quasi
1166 545 1217 572 ea
1236 544 1322 571 non
1341 535 1677 571 monumentum
1692 526 1882 587 familiae

285 614 389 642 suae
421 601 464 641 P.
490 600 670 642 Clodius
700 599 913 650 habuerit,
945 599 1022 640 sed
1054 600 1277 654 quoddam
1310 599 1523 641 scelerum
1555 597 1879 640 devorsorium:

286 671 330 711 in
347 683 433 724 qua
450 669 662 711 occidisse
681 669 740 710 M.
759 669 892 710 etiam
910 668 1131 723 Papirium
1150 669 1382 710 videbatur
1403 668 1596 722 equitem
1615 667 1882 709 Romanum.

289 739 358 780 Eo
386 738 550 780 scilicet
575 744 786 791 tempore,
807 751 895 791 quo
924 738 1163 779 decertatio
1192 737 1357 778 ibidem
1383 738 1498 779 inter
1517 734 1813 790 Pompeianos
1838 740 1883 776 et

288 806 423 861 ipsius
465 806 700 848 factionem
744 806 978 848 commissa
1022 812 1100 853 est,
1134 819 1234 847 cum
1271 819 1349 860 per
1382 805 1581 846 fraudem
1613 804 1828 846 emisisset
1858 816 1883 843 e

289 876 489 918 custodia
516 875 716 929 Tigranis
747 875 884 916 filium
915 889 1055 929 nuper
1085 888 1142 915 ex
1165 875 1378 916 Armenia
1408 888 1486 929 per
1519 873 1600 916 Cn.
1624 872 1885 927 Pompeium

288 950 405 988 sorte
425 944 690 998 captivitatis
710 944 951 986 abductum
971 944 1099 999 eique
1116 949 1406 998 postestatem
1425 942 1680 985 discedendi
1701 941 1885 984 liberam

290 1013 570 1068 permisisset,
598 1013 771 1055 videtur
806 1026 831 1054 e
865 1026 1048 1055 numero
1086 1013 1458 1068 Pompeianorum
1493 1011 1555 1054 M.
1587 1011 1786 1066 Papirius
1820 1010 1886 1052 in-

290 1089 548 1136 teremptus.

350 1162 373 1217 §
413 1173 480 1205 22.
528 1162 760 1203 Dederas
806 1161 951 1210 enim,
995 1175 1146 1216 quam
1191 1167 1554 1204 contemneres
1600 1158 1886 1215 populares.

292 1230 533 1280 insanias,
559 1230 656 1272 iam
686 1230 804 1271 inde
832 1231 893 1271 ab
922 1230 1287 1272 adulescentia
1316 1231 1628 1272 documenta
1651 1227 1887 1271 maxima.

393 1336 402 1345 .
435 1336 443 1345 .
466 1304 709 1346 orationem
727 1310 1002 1346 converterat
1023 1305 1079 1345 ad
1098 1304 1151 1345 L.
1170 1304 1419 1345 Domitium
1442 1304 1750 1359 quaesitorem,
1765 1302 1888 1344 cuius

293 1374 488 1416 animum
522 1374 613 1414 sine
644 1372 780 1414 dubio
814 1379 861 1414 ut
902 1372 1118 1414 efficacius
1152 1372 1308 1414 Miloni
1349 1372 1600 1415 adiuvando
1641 1370 1890 1414 conciliaret

295 1443 501 1485 adversus
533 1442 748 1496 impetum
779 1442 1099 1493 seditiosorum,
1121 1442 1455 1484 commonefecit
1487 1455 1588 1484 eum
1617 1440 1890 1482 constantiae

295 1525 411 1561 suae,
445 1512 567 1553 cuius
604 1510 809 1564 exempla
843 1511 1030 1552 edidisse
1067 1525 1205 1565 nuper
1245 1512 1288 1552 in
1323 1510 1619 1553 adulescentia
1648 1510 1889 1552 videbatur.

295 1580 414 1622 Nam
445 1593 580 1633 quum
614 1579 663 1621 C.
697 1578 905 1621 Manilius
935 1586 1037 1633 post
1068 1594 1231 1621 annum
1262 1580 1512 1622 tribunatus
1542 1579 1621 1628 sui,
1642 1592 1774 1633 quem
1798 1584 1890 1620 tur-

296 1648 599 1690 bulentissime
648 1655 853 1702 gesserat,
903 1662 1079 1690 causam
1131 1649 1186 1690 de
1237 1648 1467 1691 maiestate
1519 1648 1716 1690 dicturus
1767 1651 1892 1697 esset,

296 1724 529 1760 accusante
562 1716 643 1759 Cn.
675 1717 887 1769 Municio‚
919 1717 962 1759 id
994 1718 1085 1772 egit
1115 1732 1193 1771 per
1227 1717 1553 1760 multitudinem
1586 1716 1892 1770 conspiratam,

298 1793 350 1828 ut
385 1787 603 1828 obsideret
643 1786 829 1827 eundem
871 1786 950 1828 Cn.
993 1787 1236 1828 Municium
1283 1793 1582 1829 accusatorem
1622 1799 1777 1837 suum3
1825 1784 1894 1827 cui

299 1856 479 1898 obsesso
510 1855 723 1896 auxilium
760 1854 860 1896 tulit
896 1857 1138 1911 adgregata
1173 1857 1388 1898 bonorum
1425 1855 1703 1897 multitudine
1739 1854 1792 1895 L.
1822 1852 1894 1894 hic

302 1925 538 1973 Domitius,
573 1924 629 1964 ad
671 1937 802 1977 quem
845 1924 1048 1978 loquitur,
1084 1931 1128 1966 et
1168 1938 1300 1979 quem
1332 1924 1427 1966 vult
1466 1925 1509 1965 in
1549 1923 1894 1979 praesentiarum

301 2007 445 2035 rerum
477 1992 686 2063 exqmpla
717 1992 832 2035 illius
862 1994 1034 2047 pristini
1064 1994 1226 2047 vigoris
1257 1994 1431 2035 imitari.

359 2074 382 2128 ᾧ
424 2085 490 2127 29.
547 2072 741 2114 Statim
793 2073 1085 2127 complures
1142 2074 1192 2115 in
1241 2074 1374 2116 hunc
1423 2073 1622 2116 faciunt
1671 2073 1732 2114 de
1781 2071 1896 2114 loco

303 2142 577 2197 superiore
607 2142 869 2195 impetum.

362 2217 466 2257 Pars
497 2215 605 2257 haec
635 2216 893 2257 narrationis
923 2215 1149 2271 aliquanto
1180 2216 1396 2258 turbatior
1420 2222 1497 2258 est.
1559 2215 1665 2258 Sine
1689 2214 1827 2258 dubio
1853 2213 1896 2255 in

305 2299 357 2326 ea
397 2283 534 2326 multa
570 2283 818 2337 finguntur3
860 2298 1011 2326 verum
1048 2285 1162 2327 hanc
1198 2299 1376 2327 omnem
1413 2283 1761 2327 confusissimam
1801 2296 1896 2337 per-

305 2354 569 2395 mixtionem
605 2353 762 2395 cursim
799 2354 1115 2408 praetervolat:
1162 2367 1250 2395 non
1287 2354 1403 2395 enim
1439 2354 1604 2395 debent
1637 2365 1738 2396 cum
1775 2365 1898 2394 mora

305 2421 512 2477 protrahi,
543 2435 655 2475 quae
685 2421 821 2463 videri
852 2422 1063 2464 iudicibus
1099 2429 1282 2476 possunt
1313 2422 1492 2477 aliquod
1523 2422 1684 2464 habere
1714 2420 1898 2475 figmen-

305 2499 400 2533 tum
420 2507 429 2541 ;
461 2505 518 2532 ne
538 2497 695 2540 orator,
717 2491 752 2531 si
775 2490 1006 2532 laciniosus
1029 2493 1096 2543 sit,
1117 2493 1160 2532 in
1183 2492 1415 2534 mendacio
1437 2491 1800 2546 deprehendatur.

363 2576 418 2618 ib.
450 2575 707 2630 Adgressi
740 2578 997 2619 redarium
1029 2578 1287 2620 occidunt.

366 2650 491 2705 Quos
522 2664 635 2692 nunc
655 2650 788 2704 vulgo
820 2650 1035 2693 muliones
1065 2651 1261 2700 dicimus,
1284 2665 1358 2693 eos
1388 2651 1567 2702 scilicet,
1596 2650 1671 2705 qui
1705 2650 1900 2691 iumenta

1898 612 1918 646 5

1905 955 1942 980 10

1908 1322 1942 1355 15

1911 1665 1942 1688 2<

1916 2364 1942 2397 31

309 2719 518 2761 vehiculis
539 2718 770 2761 subiuncta
791 2721 1072 2762 moderantur
1095 2726 1139 2761 et
1159 2726 1329 2774 regunt,
1346 2734 1421 2761 eos
1439 2726 1620 2769 veteres,
1636 2725 1684 2761 ut
1704 2718 1898 2760 animad-
1919 2729 1937 2761 3

309 2788 454 2839 vertis,
496 2788 685 2829 redarios
732 2788 940 2830 dicebant
959 2802 969 2840 ;
1020 2789 1236 2830 muliones
1282 2794 1432 2830 autem
1475 2788 1652 2842 proprie
1699 2801 1787 2838 eos,
1824 2786 1900 2840 qui

556 2914 587 2945 4.
613 2915 662 2942 ea,
682 2904 813 2946 Stangl,
830 2904 926 2938 cod.:
950 2915 1034 2937 earn.

557 2954 586 2990 7.
610 2948 661 2980 Eo
678 2971 687 2981 .
707 2971 715 2980 .
736 2971 745 2981 .
765 2949 998 2991 interemptus,
1023 2949 1072 2980 ita
1089 2949 1194 2981 locum
1211 2948 1575 2991 interpunxitsstangl,
1590 2951 1682 2981 recte.
