1942 3236
541 205 673 249 PRO
718 204 765 249 T.
808 205 1021 249 ANNIO
1060 206 1327 249 MILONE.
1676 203 1737 263 87

15 311 42 362 Ti
126 324 332 381 denique,
353 323 389 366 si
410 322 520 367 haec
549 336 673 366 arma
693 329 847 366 contra
878 337 925 365 se
956 323 1044 366 sint
1068 323 1225 372 futura,
1251 324 1331 366 sibi
1359 323 1563 366 facinoris
1593 324 1732 379 suspi-

125 395 310 444 cionem,
340 407 429 436 non
457 393 562 435 facti
594 393 761 436 crimen
787 393 978 435 obstare.
1039 392 1181 435 Addit
1206 394 1325 443 haec,
1347 407 1460 448 quae
1486 400 1604 435 certe
1631 407 1734 435 vera
1751 400 1801 432 97

23 462 36 507 ξ
124 470 243 516 sunt,
262 463 398 506 fortes
417 469 462 505 et
482 463 707 517 sapientes
728 463 846 504 viros
867 476 954 504 non
977 469 1068 504 tam
1093 463 1289 518 praemia
1311 463 1433 516 sequi
1455 462 1596 504 solere
1617 470 1734 504 recte

14 530 38 593 ,3Αὲ
125 533 342 576 factorum
384 539 520 588 quam
563 532 660 588 ipsa
700 540 818 574 recte
859 531 1002 582 facta3
1049 546 1096 574 se
1137 532 1243 573 nihil
1285 533 1328 573 in
1366 533 1457 574 vita
1490 532 1571 574 nisi
1608 546 1734 586 prae-

8 594 38 659 ἶ
86 602 366 645 §clarissime
399 600 568 653 secisse,
601 601 638 643 si
670 601 850 656 quidem
889 601 996 643 nihil
1029 602 1086 644 sit
1120 601 1423 656 praestabilius
1464 602 1557 643 viro
1597 615 1732 656 quam

12 658 41 733 {A
124 672 327 728 periculis
361 671 555 727 patriam
588 670 800 723 liberare;
844 671 1000 713 beatos
1040 685 1149 722 esse,
1180 671 1342 725 quibus
1383 685 1436 712 ea
1476 684 1544 712 res
1577 670 1731 712 honori

28 737 31 739 ’
123 741 256 785 suerit
275 755 303 784 a
323 741 413 783 suis
440 740 621 792 civibus,
643 753 726 783 nec
757 747 907 783 tamen
939 754 1016 783 eos
1047 741 1243 791 miseros,
1266 740 1341 794 qui
1374 739 1584 782 beneficio
1615 740 1731 782 cives

121 824 228 854 euos
247 811 453 860 vicerint3
484 809 564 852 sed
595 816 746 853 tamen
779 825 839 852 ex
870 810 1077 852 omnibus
1109 810 1316 864 praemiis
1343 810 1530 860 virtutis,
1553 810 1588 850 si
1617 816 1731 852 esset

6 931 10 935 ,
121 879 329 923 habenda
349 879 461 923 ratio
478 880 1128 935 praemiorum‚amplissimum
1148 893 1242 922 esse
1259 880 1501 934 praemium
1520 878 1730 933 gloriam3

20 972 31 1007 ζ
64 962 219 994 messe
248 949 363 992 hanc
399 962 546 1001 unam,
579 963 695 1004 quae
736 949 1000 993 brevitatem
1040 949 1161 991 vitae
1206 949 1476 1004 posteritatis
1519 948 1731 992 memoria

121 1018 436 1069 consolaretur,
475 1033 591 1074 quae
641 1019 845 1068 efficeret,
897 1026 945 1061 ut
994 1018 1198 1060 absentes
1249 1019 1514 1067 adessemus,
1567 1019 1729 1060 mortui

119 1089 393 1136 viveremus;
423 1088 538 1131 hanc
566 1089 758 1144 denique
788 1102 898 1139 esse,
924 1089 1047 1131 cuius
1077 1088 1287 1142 gradibus
1319 1087 1453 1129 etiam
1485 1087 1528 1128 in
1559 1086 1728 1130 caelum
1748 1102 1798 1132 98

120 1157 324 1202 homines
338 1157 592 1200 viderentur
605 1159 887 1200 adscendere.
932 1163 941 1181 ‘
957 1159 1028 1200 De
1043 1156 1139 1207 me‚’
1158 1157 1312 1212 inquit,
1330 1161 1523 1210 ‘semper
1539 1156 1729 1211 populus

122 1227 368 1277 Romanus,
384 1240 560 1282 semper
575 1241 730 1270 omnes
745 1234 901 1282 gentes
922 1227 1174 1282 loquentur,
1190 1225 1308 1268 nulla
1325 1239 1535 1280 umquam
1557 1240 1729 1268 ommu-

12 1352 19 1358 ff
61 1308 102 1344 ¹⁵
118 1303 260 1341 tescet
291 1302 501 1340 vetustas.
563 1295 684 1351 Quin
711 1296 797 1340 hoc
830 1289 1029 1351 tempore
1070 1296 1180 1351 ipso,
1215 1309 1315 1337 cum
1358 1308 1512 1337 omnes
1553 1310 1579 1337 a
1620 1296 1729 1338 meis

18 1367 21 1369 ’
119 1366 306 1410 inimicis
326 1364 444 1410 faces
465 1360 656 1410 invidiae
673 1380 798 1409 meae
818 1367 1102 1418 subiciantur,
1118 1371 1267 1408 tamen
1288 1365 1407 1407 omni
1430 1365 1473 1405 in
1495 1364 1727 1406 hominum

166 1467 195 1491 1.
217 1457 414 1491 armaHE:
436 1467 500 1490 om.
515 1457 576 1490 Τδ.
668 1466 719 1490 10.
734 1458 928 1491 brevitatem
939 1457 1014 1490 Ha:
1031 1457 1189 1489 brevitate
1203 1457 1275 1489 TE.
1353 1465 1402 1497 14.
1419 1460 1635 1488 ommutescet
1647 1455 1726 1488 He:

117 1501 309 1537 obmatescet
321 1501 394 1534 rell.
455 1510 469 1533 x
475 1511 505 1544 5.
521 1501 605 1535 meis
620 1501 672 1534 Ης
688 1514 697 1534 z
718 1502 791 1534 suis
806 1502 936 1542 ΤΕσχ;
959 1501 1030 1534 tuis
1044 1501 1201 1534 Lambin.
1260 1499 1309 1533 16.
1333 1511 1446 1534 meae:
1471 1499 1562 1532 mihi
1574 1499 1728 1533 Lambin.

117 1545 338 1581 subruuntur
350 1545 505 1578 [ambiri.

165 1633 194 1658 1.
216 1627 459 1658 monna:
481 1622 619 1666 cfi567
643 1625 671 1657 si
694 1624 916 1656 haecarma·

121 1691 131 1702 .
148 1692 158 1701 .
176 1692 185 1701 .
197 1673 311 1720 contra
321 1667 396 1700 Mil.
423 1667 440 1700 1
453 1667 534 1701 look
549 1678 639 1711 upon
657 1668 888 1719 theomission

118 1711 160 1789 2‘
164 1722 269 1800 35¹1?
269 1711 436 1789 δὶὲῃᾞὲῗ
436 1723 455 1745 ‘³
468 1712 890 1798 {fazinffi‘sszi‘fss'tess

119 1799 269 1834 obscure.
313 1800 345 1833 It
367 1800 397 1832 is
418 1799 590 1843 generally
611 1799 788 1843 explained
806 1801 887 1831 δεικ-

118 1843 223 1882 πκΰς,
237 1853 283 1878 sc.
299 1843 357 1876 the
370 1849 615 1886 arrangements
630 1843 681 1877 for
697 1843 752 1876 the
768 1844 857 1877 trial.

161 1890 347 1922 morin
369 1912 378 1921 .
401 1911 411 1921 .
438 1913 446 1920 .
469 1891 587 1921 noti:
613 1888 655 1921 cf.
675 1887 719 1920 ad
741 1888 887 1921 Herenn.

957 1623 1149 1667 repetitions
1170 1623 1206 1655 in
1227 1622 1294 1655 this
1309 1632 1448 1665 passage
1464 1632 1518 1653 are
1535 1626 1617 1653 recle
1627 1621 1725 1664 sacta

957 1691 965 1700 .
984 1692 992 1701 .
1012 1693 1020 1700 .
1038 1671 1120 1700 recte
1125 1667 1311 1710 factorum,
1327 1666 1393 1698 and
1408 1677 1429 1698 a
1443 1666 1514 1698 suis
1529 1666 1672 1698 civibus.
1691 1691 1697 1697 .
1718 1691 1725 1698 .

955 1722 1042 1744 czves
1055 1722 1140 1743 suos.

1005 1764 1054 1787 11.
1078 1759 1257 1788 absentes
1289 1779 1297 1786 .
1326 1779 1334 1786 .
1366 1779 1374 1786 .
1400 1756 1641 1786 viveremus:
1683 1753 1724 1785 cs.

957 1799 1050 1832 Lael.
1077 1807 1128 1839 23,
1151 1798 1260 1831 where
1291 1797 1470 1840 friendship
1497 1797 1526 1829 is
1550 1797 1725 1829 descanted

955 1853 1046 1886 upon
1062 1843 1095 1875 in
1111 1843 1239 1875 similar
1254 1848 1366 1875 termS.

1002 1896 1052 1920 12.
1076 1890 1259 1925 gradibu-
1283 1910 1291 1918 .
1320 1909 1329 1918 .
1357 1909 1365 1918 .
1388 1887 1634 1918 adscendere:
1680 1883 1721 1917 cs.

0 3091 9 3179 -ιτ-κι-ν
0 3059 2 3066 -
2 3039 7 3045 ,-

117 1931 164 1966 iv,
201 1930 244 1964 68
305 1931 376 1964 nasi
403 1921 552 1975 facinus
586 1931 887 1974 praeclarissimum

108 1973 254 2018 fecisset,
313 1975 372 2009 hil.
402 1975 469 2008 xiv.
498 1977 518 2008 8
538 1975 686 2018 facinus
712 2001 720 2009 .
748 2000 756 2007 .
785 1999 793 2007 .
826 1986 886 2008 suo

118 2018 260 2052 consilio
271 2018 410 2062 factum
440 2029 511 2052 esse
540 2023 690 2060 testatur,
717 2019 806 2052 Tull.
832 2029 884 2061 34,

118 2062 205 2096 Rab.
217 2062 307 2096 Post.
322 2072 373 2104 24,
387 2062 508 2096 Offifii.
519 2072 573 2105 95,
587 2063 768 2106 Landgraf,
781 2064 819 2095 de
816 2062 886 2106 fig.

117 2111 215 2150 etym.
233 2117 266 2150 p.
283 2115 336 2150 19.
383 2107 476 2140 Here
477 2107 623 2150 facinus
641 2123 669 2134 =
680 2107 764 2140 ‘evil
780 2108 886 2140 inten-

118 2151 208 2184 tion
229 2151 360 2193 against
389 2150 560 2194 Pompey‚’
582 2150 682 2184 while
693 2151 831 2194 sactum
857 2150 886 2183 is

119 2193 180 2228 the
193 2204 262 2228 nex
279 2196 306 2228 C
306 2194 452 2228 lodiana.

161 2237 196 2271 6.
217 2241 358 2278 qustu-
384 2264 394 2273 .
421 2263 430 2272 .
454 2263 462 2272 .
490 2241 627 2271 honori
658 2241 797 2271 fuerit:
845 2237 887 2270 cf.

119 2281 186 2316 Off.
205 2281 242 2316 ii.
262 2283 305 2334 58
325 2282 450 2315 honori
466 2292 598 2315 summo
620 2287 734 2315 nostro
757 2282 890 2314 Miloni

107 2325 202 2370 suit,
217 2336 275 2370 qm
290 2351 299 2360 .
311 2351 320 2360 .
337 2352 346 2360 .
357 2327 395 2359 Ρ.
411 2326 514 2359 Clodi
530 2331 668 2359 conatus
679 2326 886 2369 compressit.

118 2369 311 2411 Nielfu‘nder,
336 2369 460 2414 quoted
481 2370 516 2402 in
540 2370 620 2402 RH.
647 2381 680 2402 n.
711 2369 785 2411 546,
812 2380 887 2411 says

120 2412 198 2447 ‘the
212 2413 324 2448 dative
341 2414 533 2458 expressing
552 2414 664 2453 result,
679 2424 717 2447 or
728 2413 888 2457 factitive

117 2457 189 2492 dat.
210 2457 241 2490 is
263 2457 296 2490 in
318 2457 389 2491 Cic.
412 2457 525 2499 nearly
540 2458 663 2500 always
686 2458 788 2490 found
803 2457 887 2489 with

118 2502 259 2534 another
284 2501 364 2542 dat„
390 2502 413 2535 i.
424 2513 455 2535 e.
481 2501 521 2534 οἱ
545 2501 602 2535 the
628 2512 759 2544 person.
803 2500 887 2533 This

117 2544 242 2579 double
265 2545 334 2578 dat.
358 2555 435 2588 may
455 2545 498 2578 be
522 2545 701 2588 compared
726 2544 805 2578 with
829 2544 886 2578 the

118 2589 244 2641 double
259 2599 366 2622 aecus.
382 2589 415 2621 in
432 2589 579 2632 aliquem
592 2589 689 2632 facio
707 2589 885 2629 consulem,

117 2642 527 2719 ἰὲἒὲῖιιῗῗοὲἓᾷῗὲῑΐξ
545 2633 602 2710 {ii
622 2632 830 2719 ζῗὲὲἳὲεῗὲἶά
851 2643 885 2708 ἰῗ

117 2731 260 2764 conveys
278 2720 335 2754 the
354 2721 430 2754 idea
450 2721 490 2754 of
508 2720 662 2762 ‘coming
677 2721 748 2752 into
767 2718 885 2762 being’

116 2774 156 2797 or
177 2765 319 2808 growth,
345 2775 375 2798 e.
385 2775 419 2807 g.
443 2764 521 2797 here
547 2764 586 2797 os
610 2764 740 2797 honour
765 2764 798 2796 in
829 2764 885 2796 the

115 2807 224 2842 future
245 2808 329 2842 aster
347 2808 404 2842 the
421 2807 497 2841 act!
541 2807 603 2841 See
619 2808 729 2850 Roby,
747 2807 831 2841 Pref.
848 2812 885 2840 to

116 2851 179 2886 Bk.
195 2853 238 2886 iv·
255 2852 307 2885 for
321 2862 341 2884 a
355 2852 410 2885 list
425 2852 464 2885 of
475 2852 601 2885 similar
614 2852 751 2884 datives.

161 2896 192 2929 8.
226 2899 431 2935 mnu:
467 2895 518 2928 for
549 2895 606 2928 the
644 2894 806 2928 threesold
837 2905 886 2927 re·

116 2939 258 2983 petition
273 2939 312 2973 of
314 2940 511 2983 praemium
528 2939 562 2972 in
577 2939 727 2972 different
744 2948 834 2971 cases
849 2943 886 2971 to

115 2983 304 3028 emphasize
332 2983 390 3017 the
418 2983 494 3017 idea
519 2983 561 3017 cf.
589 2986 606 3023 ς
633 2992 675 3026 53
700 2993 734 3015 n.
780 2981 885 3016 Other

953 1931 1055 1963 Dom.
1074 1937 1114 1973 75
1131 1931 1250 1973 quibus
1271 1935 1440 1972 tamquam
1459 1928 1622 1970 gradibus
1643 1928 1725 1960 mihi

953 1975 1068 2007 videar
1084 1975 1123 2006 in
1143 1975 1270 2006 caelum
1292 1974 1507 2011 adscendisse,
1533 1971 1614 2014 Leg.
1632 1973 1663 2004 ii.
1686 1981 1724 2015 19

953 2018 1082 2051 homini
1098 2018 1272 2050 adscensus
1288 2018 1326 2049 in
1341 2017 1479 2055 caelum,
1499 2016 1613 2048 Parad.
1636 2025 1684 2047 11.

1003 2071 1051 2104 14.
1068 2066 1316 2094 ommutesoet
1331 2072 1337 2093 :
1364 2062 1380 2093 I
1392 2061 1468 2103 give
1478 2060 1556 2098 this,
1569 2060 1625 2092 the
1637 2070 1725 2091 rarer

954 2106 1109 2149 spelling,
1126 2106 1211 2138 from
1235 2105 1283 2137 H.
1328 2104 1423 2137 MSS.
1441 2105 1607 2146 authority
1624 2103 1674 2135 sor
1698 2103 1724 2135 it

954 2150 984 2182 is
999 2150 1072 2182 also
1083 2149 1195 2189 found,
1209 2149 1272 2181 Pis.
1285 2148 1334 2188 26,
1347 2150 1447 2181 Dom.
1460 2158 1471 2179 1
1480 2158 1533 2190 35,
1545 2148 1655 2180 Flacc.
1668 2148 1723 2188 48,

955 2194 1055 2227 Tusc.
1073 2194 1107 2226 ii.
1126 2203 1179 2234 50,v
1196 2193 1238 2226 de
1254 2193 1312 2226 Or.
1325 2193 1359 2225 ii.
1381 2199 1431 2234 27,
1443 2193 1533 2225 Brut.
1552 2201 1626 2232 324.
1667 2191 1721 2224 Cf.

955 2238 1064 2278 Neue,
1079 2237 1113 2270 ii.
1127 2239 1201 2270 820.

994 2291 1043 2323 15.
1053 2285 1239 2315 vetustas:
1253 2281 1306 2314 i.e.
1314 2280 1460 2322 suturity,
1468 2279 1507 2312 cf.
1517 2279 1599 2310 Aen.
1607 2289 1637 2310 x.
1647 2285 1720 2321 792.

997 2329 1096 2358 moin
1127 2348 1136 2357 .
1168 2348 1177 2358 .
1211 2348 1219 2357 .
1256 2335 1379 2357 meae:
1405 2324 1460 2356 the
1484 2323 1659 2365 repetition
1687 2322 1727 2354 of

954 2369 1011 2402 the
1037 2368 1220 2412 possessive
1251 2379 1401 2410 pronoun
1432 2368 1460 2399 is
1486 2366 1640 2399 intended
1670 2366 1723 2397 sor

952 2413 1153 2455 rhythmical
1168 2412 1261 2445 effect
1276 2424 1283 2445 :
1309 2413 1350 2444 cf.
1369 2414 1385 2450 §
1404 2421 1446 2453 94
1463 2411 1531 2442 mei
1544 2435 1551 2442 .
1571 2434 1579 2442 .
1595 2434 1603 2442 .
1623 2419 1723 2449 meae,

956 2459 973 2496 §
991 2467 1034 2500 99
1049 2457 1117 2489 mei
1131 2480 1139 2488 .
1156 2480 1165 2489 .
1184 2481 1192 2488 .
1211 2456 1310 2495 mihi,
1326 2456 1391 2487 and
1409 2459 1424 2494 ξ
1444 2456 1483 2486 82
1509 2465 1543 2486 n.
1589 2454 1672 2485 This
1693 2454 1722 2485 is

953 2501 1080 2542 injured
1105 2501 1149 2541 by
1168 2500 1223 2532 the
1249 2499 1433 2541 conjecture
1454 2498 1532 2538 luis,
1557 2498 1665 2530 which
1687 2497 1720 2529 in

953 2544 1048 2577 itself
1067 2544 1181 2576 would
1204 2543 1295 2586 yield
1321 2554 1340 2574 a
1366 2542 1456 2584 good
1482 2552 1584 2574 sense.
1630 2541 1721 2572 That

953 2588 1071 2621 Cicero
1087 2598 1156 2620 was
1170 2592 1228 2620 not
1241 2597 1352 2619 averse
1367 2592 1403 2619 to
1419 2586 1579 2628 inserting
1593 2595 1613 2617 a
1629 2584 1720 2617 word

953 2637 988 2664 to
1006 2631 1111 2664 round
1127 2631 1175 2663 off
1196 2642 1216 2663 a
1238 2630 1365 2673 period,
1382 2640 1461 2662 even
1485 2628 1514 2660 if
1533 2630 1557 2660 it
1580 2629 1637 2660 did
1661 2633 1721 2660 not

953 2676 1018 2708 add
1034 2675 1133 2708 much
1150 2680 1185 2707 to
1201 2674 1257 2708 the
1273 2685 1376 2713 sense,
1394 2684 1470 2714 may
1489 2674 1528 2704 be
1543 2683 1618 2705 seen
1635 2672 1718 2704 from

952 2720 1020 2751 uni
1035 2722 1051 2758 5
1115 2743 1122 2750 .

996 2762 1046 2795 16.
1059 2729 1299 2795 191?me
1309 2773 1316 2793 :
1328 2761 1383 2794 the
1392 2760 1594 2801 subjunctive
1603 2758 1630 2791 is
1639 2758 1720 2791 used

952 2807 986 2839 in
1013 2807 1099 2849 spite
1123 2806 1162 2838 of
1181 2805 1238 2838 hoc
1262 2809 1402 2861 tempore
1425 2806 1504 2846 ipso,
1528 2804 1616 2836 since
1641 2813 1716 2834 cum

951 2861 1120 2893 expresses
1133 2853 1142 2867 ‘
1152 2849 1313 2891 although
1349 2860 1357 2880 :
1373 2848 1414 2881 cf.
1431 2848 1471 2880 de
1487 2848 1546 2880 Or.
1562 2848 1594 2880 ii.
1612 2856 1647 2878 21
1662 2847 1718 2878 hoc

953 2895 1021 2937 aespso
1036 2898 1186 2936 tempore,
1203 2903 1278 2925 cum
1295 2893 1406 2924 omnia
1421 2891 1592 2934 gymnasia
1609 2890 1717 2933 philo-

953 2937 1051 2980 sophi
1067 2942 1210 2975 teneant,
1228 2937 1255 2968 F
1259 2937 1302 2968 in.
1318 2936 1352 2968 ii.
1363 2935 1403 2977 65
1421 2940 1494 2968 tum
1511 2936 1632 2978 isuram,
1643 2944 1719 2966 cum

953 2982 1081 3025 vigiliis
1096 2986 1128 3014 et
1145 2981 1231 3013 fame
1247 2980 1468 3013 cruciaretur.
