1942 3236
293 215 375 259 118
623 216 944 259 ASCONIUS
984 216 1061 258 IN
1097 214 1540 258 MILONIANAM.

289 325 602 388 subscriptione
623 347 674 376 ea
695 334 815 388 quod
837 333 933 375 loca
946 332 1117 386 publica
1138 338 1395 387 occupasset
1417 339 1461 374 et
1483 346 1582 374 curn
1599 331 1688 375 telo
1703 331 1853 375 fuisset
1871 345 1880 383 ;

290 416 393 444 nam
415 402 506 444 dux
513 403 675 455 fuerat
691 416 920 457 operarum
944 401 1136 443 Milonis.
1195 400 1528 444 Accusaverunt
1551 400 1601 443 C.
1617 401 1782 450 Fidius,
1797 399 1880 443 Cn.

290 471 496 526 Aponius
519 472 596 514 Cn.
614 473 653 520 f.‚
670 472 731 513 M.
749 471 873 514 Seius
895 501 1261 512 ............
1310 470 1415 513 Sex.
1435 469 1534 525 (f.)
1556 485 1566 522 ;
1595 469 1883 512 defenderunt

293 542 357 582 M.
382 540 546 589 Cicero,
567 541 636 583 M.
660 540 889 582 Terentius
912 539 1053 581 Varro
1077 538 1232 580 Gibba.
1294 538 1544 581 Absolutus
1571 545 1637 581 est
1660 538 1884 581 sententiis

292 610 461 664 plenius
497 624 629 664 quam
666 609 808 663 prius:
839 621 993 662 graves
1025 607 1179 649 habuit
1214 607 1414 656 XVIIII,
1450 607 1739 650 absolutorias
1773 607 1884 648 duas
1905 621 1922 654 5

294 686 337 721 et
360 680 523 729 ΧΧΧ;
554 678 631 720 sed
657 692 682 720 e
710 676 926 719 contrario
953 676 1037 718 hoc
1063 689 1114 718 ac
1142 676 1287 730 priore
1314 676 1477 718 iudicio
1498 675 1684 718 accidit:
1716 675 1885 730 equites

295 749 409 791 enim
431 762 482 791 ac
504 754 724 789 senatores
747 759 845 786 eum
868 743 1160 795 absolverunt,
1180 745 1343 786 tribuni
1364 745 1515 787 aerarii
1536 745 1866 786 damnaverunt.

354 818 461 860 Sex.
502 824 650 859 autem
692 814 886 864 Clodius,
920 827 1008 867 quo
1049 820 1229 855 auctore
1268 827 1427 868 corpus
1464 812 1593 856 Clodi
1635 814 1679 855 in
1721 815 1886 856 curiam

296 883 466 925 illatum
507 882 600 934 suit,
641 883 946 924 accusantibus
989 882 1037 924 C.
1084 882 1326 924 Caesennio
1367 882 1562 933 Philone,
1604 882 1667 924 M.
1704 881 1887 929 Alfidio,

297 952 558 994 defendente
603 951 655 992 T.
695 951 942 1001 Flacconio,
978 964 1140 1005 magno
1174 965 1385 993 consensu
1416 952 1652 993 damnatus
1682 958 1763 1003 est,
1793 965 1888 993 sen·
1911 972 1942 996 ιε

297 1021 444 1063 tentiis
477 1034 555 1062 sex
588 1026 632 1061 et
669 1020 786 1072 XL;
817 1019 1107 1061 absolutorias
1143 1021 1336 1074 quinque
1371 1020 1553 1062 omnino
1587 1019 1750 1072 habuit,
1780 1020 1891 1062 duas

298 1097 559 1139 senatorum,
591 1095 680 1130 tres
712 1089 922 1143 equitum.

358 1159 490 1200 Multi
513 1165 739 1213 praeterea
768 1164 811 1198 et
837 1163 1088 1211 praesentes
1117 1163 1160 1199 et
1189 1170 1288 1199 cum
1312 1157 1433 1199 citati
1454 1171 1542 1198 non
1565 1158 1893 1212 respondissent

299 1228 497 1270 damnati
518 1233 619 1268 sunt
638 1242 647 1267 :
680 1240 738 1267 ex
758 1226 916 1280 quibus
939 1226 1136 1266 maxima
1157 1239 1256 1280 pars
1278 1225 1360 1267 suit
1381 1225 1709 1268 Clodianorum.

347 1385 375 1408 1.
398 1379 494 1414 quod
511 1400 518 1407 .
549 1401 556 1408 .
586 1400 593 1408 .
609 1378 749 1407 fuisset
764 1386 770 1407 :
794 1374 850 1407 the
865 1374 973 1406 words
985 1374 1065 1406 used
1172 1384 1203 1416 4.
1226 1378 1348 1406 varro
1364 1378 1501 1408 Gibba:
1526 1385 1547 1407 a
1562 1374 1656 1417 pupil
1672 1374 1711 1407 of
1721 1374 1839 1408 Cicero
1860 1375 1894 1407 in

301 1421 377 1452 here
393 1420 475 1451 look
491 1419 559 1451 like
575 1430 595 1450 a
611 1419 784 1461 quotation
805 1419 888 1450 from
911 1418 967 1450 the
990 1417 1067 1450 law.
1128 1423 1271 1460 oratory,
1284 1419 1376 1450 Fam.
1392 1418 1460 1451 xiii.
1479 1427 1528 1452 10.
1543 1428 1571 1452 2.
1597 1419 1653 1452 He
1664 1429 1732 1451 was
1744 1423 1896 1461 quaestor

301 1465 333 1495 A
364 1463 491 1495 similar
521 1464 640 1504 charge
668 1473 736 1494 was
765 1462 908 1503 brought
939 1461 1068 1502 against
1128 1466 1163 1494 to
1195 1462 1243 1493 M.
1275 1462 1393 1494 Brutus
1421 1462 1455 1493 in
1479 1461 1522 1504 46
1549 1470 1580 1495 Β.
1592 1469 1637 1500 c.,
1665 1462 1731 1494 and
1757 1471 1896 1505 appears

302 1507 545 1539 Sestius—cum
561 1506 775 1537 multitudine
791 1505 830 1536 in
845 1504 1023 1536 tribunatu
1039 1509 1070 1536 et
1129 1510 1165 1537 to
1188 1505 1272 1537 have
1297 1505 1375 1537 died
1398 1515 1479 1538 soon
1503 1504 1702 1542 afterwards.
1727 1505 1801 1538 Att.
1825 1506 1896 1538 xiii.

302 1560 376 1582 cum
386 1549 555 1591 praesidio
570 1559 687 1590 magno
692 1548 815 1591 fuisse,
832 1548 913 1580 Sest.
930 1548 980 1589 78.
1130 1549 1183 1590 48.
1199 1559 1227 1581 2.

350 1603 378 1625 2.
403 1597 466 1625 cn.
483 1596 673 1630 Aponius:
699 1591 1023 1634 possiblyarelative
1036 1589 1074 1622 of
1176 1593 1205 1623 8.
1230 1595 1316 1624 Sex.
1338 1595 1510 1624 clodius:
1542 1591 1585 1624 he
1607 1602 1676 1625 was
1695 1591 1840 1625 restored
1862 1591 1896 1624 in

252 1669 258 1672 ,
303 1637 360 1668 the
376 1637 411 1667 P.
430 1637 583 1678 Aponius
602 1635 792 1667 mentioned
814 1636 849 1666 in
864 1635 920 1667 the
937 1634 1067 1676 speech,
1132 1645 1175 1676 44
1190 1643 1222 1666 Β.
1234 1643 1266 1672 C.
1283 1636 1325 1675 by
1338 1636 1482 1677 Antony,
1498 1636 1574 1668 who
1590 1636 1757 1678 professed
1768 1642 1804 1669 to
1813 1635 1897 1668 have

305 1683 321 1719 5
341 1686 380 1721 75
398 1690 431 1711 n.
1132 1679 1291 1710 obtained
1305 1680 1360 1711 the
1372 1683 1506 1711 consent
1517 1679 1555 1710 οἱ
1566 1679 1689 1712 Caesar
1698 1679 1896 1723 previously,

350 1733 379 1764 3.
393 1728 442 1756 Μ.
452 1726 579 1756 Seius:
593 1722 856 1765 probablyason
864 1722 902 1753 of
909 1721 1070 1759 M.Seius,
1132 1722 1196 1754 and
1214 1722 1285 1754 also
1306 1722 1427 1764 gained
1449 1723 1521 1755 that
1544 1722 1582 1755 of
1600 1723 1730 1763 Cicero,
1745 1723 1814 1756 Att.
1830 1722 1897 1755 xiv.

305 1766 412 1799 aedile
428 1767 460 1798 in
479 1773 520 1808 74
536 1774 567 1799 Β.
578 1776 606 1799 0.
624 1766 805 1806 (Willems,
818 1765 928 1805 Se'nat‚
943 1765 964 1798 i.
979 1764 1069 1806 456).
1137 1774 1187 1806 13.
1204 1766 1247 1799 A.
1261 1766 1298 1799 B.
