1942 3236
256 224 311 283 76
718 227 782 269 M.
833 227 1023 268 TULLI
1058 227 1399 271 CICERONIS

255 343 376 386 cuius
407 343 480 385 ille
509 343 640 391 lacus,
671 356 850 384 nemora
883 342 1078 396 finesque
1109 356 1237 397 saepe
1267 343 1386 385 omni
1418 342 1584 385 nefario
1614 350 1768 398 stupro
1798 349 1843 384 et

255 412 417 454 scelere
449 412 700 462 macularat,
731 411 966 465 aliquando
995 412 1052 452 ad
1083 424 1184 452 eum
1221 412 1514 466 poeniendum
1552 412 1701 454 oculos
1738 425 1843 466 ape-

257 481 406 532 ruisti;
450 481 575 522 vobis
606 481 716 533 illae,
755 480 880 522 vobis
904 486 1049 522 vestro
1078 480 1122 520 in
1151 487 1387 534 conspectu
1425 494 1562 531 serae,
1596 481 1673 523 sed
1703 480 1845 523 iustae

189 559 237 589 86
256 555 404 591 tamen
422 556 464 590 et
486 550 661 591 debitae
678 563 846 604 poenae
866 549 1036 590 solutae
1056 553 1169 590 sunt.
1223 549 1320 590 Nisi
1342 549 1453 591 forte
1473 549 1558 591 hoc
1579 549 1713 591 etiam
1741 562 1844 591 casu

254 618 419 660 sactum
442 632 536 660 esse
557 619 761 665 dicemus,
786 624 833 659 ut
854 624 955 659 ante
977 618 1119 670 ipsum
1142 618 1378 659 sacrarium
1403 618 1553 660 Bonae
1575 618 1708 670 Deae,
1724 618 1843 672 quod
1865 633 1882 664 5

255 694 321 728 est
342 687 385 727 in
405 687 540 729 fundo
563 687 616 727 T.
633 686 748 729 Serti
766 686 890 735 Galli,
905 687 948 726 in
964 686 1117 740 primis
1133 685 1305 729 honesti
1321 693 1366 728 et
1382 687 1523 728 ornati
1540 686 1843 740 adulescentis,

255 761 358 797 ante
389 756 544 809 ipsam,
570 756 762 810 inquam,
786 755 955 797 Bonam
988 755 1142 806 Deam,
1169 769 1269 797 cum
1301 756 1514 809 proelium
1543 756 1845 807 commisisset,

255 824 445 878 primum
471 823 576 866 illud
604 824 759 865 vulnus
790 825 1018 877 acciperet,
1039 837 1127 878 quo
1155 825 1451 866 taeterrimam
1475 831 1661 866 mortem
1691 825 1846 875 obiret,

256 899 306 935 ut
335 906 423 933 non
461 893 688 934 absolutus
726 894 885 935 iudicio
931 893 1005 934 illo
1048 892 1212 935 nefario
1253 894 1485 943 videretur,
1517 893 1594 935 sed
1634 893 1691 935 ad
1731 893 1845 935 hanc

174 968 239 1014 32
256 962 469 1016 insignem
501 976 688 1016 poenam
720 969 976 1004 reservatus.
1039 962 1134 1003 Nec
1154 975 1258 1003 vero
1286 976 1374 1004 non
1401 962 1555 1004 eadem
1580 962 1644 1004 ira
1664 963 1844 1004 deorum
1866 979 1905 1002 10

256 1030 371 1072 hanc
401 1031 492 1072 eius
520 1031 781 1073 satellitibus
814 1031 962 1073 iniecit
993 1029 1252 1086 amentiam,
1272 1038 1319 1072 ut
1343 1032 1436 1072 sine
1457 1031 1734 1085 imaginibus,
1754 1030 1847 1073 sine

257 1105 390 1140 cantu
422 1106 555 1152 atque
586 1100 710 1148 ludis,
732 1100 825 1141 sine
856 1100 1088 1154 exsequiis,
1112 1100 1202 1141 sine
1233 1100 1448 1152 lamentis,
1469 1101 1561 1142 sine
1581 1100 1846 1142 laudationi·

257 1169 352 1218 bus,
383 1168 476 1209 sine
505 1168 668 1220 funere,
699 1168 861 1210 oblitus
893 1183 1042 1211 cruore
1073 1176 1116 1210 et
1148 1170 1254 1218 luto,
1281 1169 1494 1223 spoliatus
1520 1169 1634 1210 illius
1654 1169 1847 1223 supremi

258 1237 345 1278 diei
381 1237 648 1287 celebritate,
681 1238 749 1280 cui
789 1238 943 1278 cedere
983 1237 1147 1278 inimici
1189 1238 1320 1279 etiam
1357 1237 1514 1289 solent,
1547 1238 1850 1280 ambureretur

259 1305 467 1347 abiectus.
529 1305 631 1346 Non
662 1305 795 1348 fuisse
825 1307 956 1348 credo
993 1306 1057 1347 fas
1087 1305 1422 1348 clarissimorum
1459 1306 1650 1348 virorum
1686 1306 1849 1348 formas
1871 1322 1908 1354 15

260 1373 321 1415 illi
367 1374 618 1415 taeterrimo
658 1375 899 1428 parricidae
940 1374 1105 1428 aliquid
1147 1375 1315 1416 decoris
1356 1374 1537 1426 adferre,
1578 1389 1719 1430 neque
1759 1374 1849 1417 ullo

260 1443 303 1483 in
340 1441 437 1483 loco
469 1443 617 1496 potius
656 1449 843 1485 mortem
879 1443 969 1485 eius
1005 1443 1194 1495 lacerari,
1229 1457 1362 1497 quam
1404 1444 1447 1484 in
1484 1457 1573 1498 quo
1610 1450 1724 1486 esset
1759 1445 1850 1486 vita

259 1512 479 1553 damnata.

306 1604 334 1627 2.
359 1596 577 1638 poeniendum
601 1597 649 1630 T:
667 1597 881 1639 puniendum
904 1597 976 1630 rell.
1108 1596 1287 1639 aperuistis
1310 1596 1358 1628 H.-
1568 1595 1599 1630 6.
1625 1597 1666 1630 Τ.
1688 1607 1751 1629 om.
1775 1596 1851 1630 PH.

260 1639 344 1671 Serti
361 1640 480 1670 HTE:
505 1641 662 1682 SergiP5
686 1642 783 1673 Sexti
797 1643 823 1673 δ.
959 1641 990 1672 8.
1014 1639 1173 1682 acciperet
1189 1640 1288 1672 PHs:
1314 1640 1468 1682 acceperit
1481 1640 1574 1672 ΤΕσ.
1709 1650 1758 1673 12.
1781 1641 1850 1672 sine

259 1682 410 1724 lamentis
424 1693 485 1714 om.
504 1684 549 1714 H.
718 1694 766 1725 14.
790 1685 1010 1716 ambureretur
1024 1684 1124 1716 PHa:
1149 1683 1353 1715 imbueretur
1370 1683 1438 1715 TE.
1590 1692 1639 1724 15.
1660 1684 1761 1716 etiam
1777 1689 1852 1716 ante

259 1725 400 1757 abiectus
422 1727 498 1758 add.
521 1727 560 1758 T.
585 1727 694 1768 plures
716 1728 796 1759 dett.
1062 1726 1110 1759 16.
1135 1727 1263 1759 decoris
1285 1737 1346 1759 om.
1374 1727 1454 1759 dett.
1479 1726 1598 1768 (exc.h
1613 1728 1728 1769 inmg.
1751 1732 1783 1760 et
1809 1726 1850 1768 ς).

263 1776 313 1810 17.
338 1769 376 1800 z'n
392 1774 526 1801 mortem
544 1771 589 1802 H.
678 1771 796 1813 iniquo
810 1781 874 1803 esse
888 1772 994 1804 vitam
1010 1771 1186 1812 dampnati
1201 1770 1248 1802 H.

307 1854 336 1876 1.
357 1850 482 1878 lacus:
515 1857 560 1879 sc.
582 1847 676 1889 Lago
703 1847 738 1879 di
765 1848 923 1885 Castello,
953 1848 1019 1879 and

1136 1856 1186 1878 10.
1209 1852 1430 1880 reservatus
1444 1859 1453 1880 z
1474 1848 1513 1881 cf.
1528 1848 1599 1880 Att.
1614 1849 1636 1881 i.
1651 1847 1699 1880 16.
1717 1858 1738 1890 9
1754 1858 1850 1887 erras,

266 1889 359 1930 Lago
375 1890 408 1920 di
423 1890 534 1922 Nemi.

1089 1890 1204 1929 Clodi,
1229 1901 1295 1922 non
1322 1896 1355 1923 te
1381 1891 1507 1924 iudices
1533 1892 1617 1931 urbi,
1644 1892 1701 1924 sed
1727 1891 1849 1924 carceri

305 1937 418 1965 fines:
452 1932 615 1975 τ-τεμένη,
640 1934 681 1966 cf.
703 1934 850 1966 Macrob.
878 1935 925 1966 iii.
948 1941 978 1975 7.
999 1933 1020 1966 6

261 1976 385 2007 animal
411 1987 538 2008 sacrum
567 2001 575 2008 .
600 2000 609 2009 .
635 2001 643 2008 .
671 1977 847 2019 abigebant
871 1978 913 2010 ad
929 1978 1021 2020 fines

262 2019 409 2059 deorum,
426 2021 542 2061 quibus
557 2031 685 2053 sacrum
700 2026 793 2053 esset.

307 2071 338 2102 5.
361 2067 590 2096 sacrarium:
615 2064 657 2096 cf.
673 2065 793 2096 Ascon.
812 2073 862 2104 32.

305 2105 337 2137 6.
361 2110 401 2138 ’.Ι.“.
420 2110 541 2138 Serti:
570 2107 587 2139 1
609 2108 687 2139 read
708 2108 788 2139 with
806 2108 913 2145 HTE,
932 2107 1021 2140 since

263 2148 330 2180 this
345 2149 372 2181 is
387 2160 478 2181 more
494 2150 598 2192 likely
609 2156 643 2182 to
661 2152 700 2182 be
715 2150 861 2193 changed
873 2156 909 2182 to
925 2151 1023 2192 Sergi

263 2192 341 2223 than
357 2193 426 2224 vice
440 2203 545 2233 versa,
562 2195 602 2225 cf.
615 2195 708 2226 Verr.
724 2194 758 2225 ii.
778 2203 852 2236 119,
868 2196 930 2226 Cn.
945 2196 1021 2226 Ser-

261 2235 473 2276 tium,where
480 2238 603 2269 several
611 2237 692 2269 dett.
699 2237 774 2278 give
788 2239 847 2270 Cn.
856 2238 1020 2278 Sergium.

306 2283 348 2310 in
363 2283 519 2317 primis:
547 2281 684 2313 ‘Cicero
706 2281 786 2313 does
807 2287 863 2312 not
885 2292 941 2312 use
957 2281 1022 2313 this

262 2322 379 2364 phrase
395 2323 477 2355 until
494 2323 576 2356 aster
592 2324 642 2356 his
658 2329 765 2356 return
779 2325 863 2356 from
878 2324 1021 2356 Rhodes.

262 2366 301 2397 In
320 2366 370 2397 his
385 2367 516 2399 earliest
532 2367 687 2409 speeches
700 2367 741 2399 he
757 2368 932 2410 employed
947 2378 1022 2399 cum

255 2409 384 2451 primis
410 2411 475 2442 and
500 2421 634 2448 summe,
664 2411 746 2442 both
773 2412 811 2443 of
833 2411 942 2443 which
968 2422 1022 2442 are

262 2463 333 2484 rare
347 2453 379 2484 in
398 2453 448 2485 his
464 2454 547 2486 later
562 2454 720 2496 writings.
765 2455 838 2486 The
860 2455 928 2486 first
949 2465 1023 2486 case

263 2496 302 2527 of
313 2496 351 2527 in
361 2497 488 2538 primis
503 2498 531 2529 is
546 2498 643 2530 Rosc.
657 2499 753 2530 Com.
770 2509 789 2540 9
803 2498 810 2510 ’
839 2498 1026 2541 [Landgraf

263 2550 305 2571 on
322 2540 419 2572 Rosc.
435 2541 511 2573 Am.
532 2540 599 2582 13].

307 2583 337 2614 8.
359 2588 519 2616 vuhms:
545 2595 581 2616 as
605 2584 633 2615 if
651 2584 706 2616 the
728 2584 795 2616 first
810 2585 931 2617 wound
954 2584 1021 2617 had

263 2626 346 2658 been
362 2627 455 2666 fatal,
471 2627 511 2659 cf.
532 2631 547 2666 ξ
568 2638 607 2670 29
624 2639 658 2660 n.

306 2673 511 2707 acciperet:
535 2671 591 2703 the
606 2671 699 2714 impf.
713 2671 741 2703 is
756 2682 923 2714 necessary
935 2673 1023 2704 since

262 2723 340 2745 casu
351 2713 487 2756 factum
510 2719 550 2746 ut
571 2716 706 2757 accip.=
720 2726 796 2747 casu
819 2716 948 2758 accepit,
969 2726 1022 2748 see

263 2757 343 2788 RH.
360 2768 391 2788 n.
410 2764 483 2799 479.
530 2759 597 2790 For
612 2761 668 2790 the
684 2759 808 2790 variant
825 2760 867 2791 cf.
887 2765 901 2797 ᾗ
920 2769 940 2801 9
952 2770 986 2791 n.

304 2805 568 2833 taeterrimam
579 2813 586 2835 :
611 2803 728 2834 Cicero
738 2803 852 2835 dwells
862 2813 952 2844 upon
965 2802 1021 2834 the

263 2842 379 2876 horror
395 2844 433 2875 of
444 2845 495 2877 his
510 2845 621 2885 death,
637 2847 726 2878 since
742 2846 782 2877 he
797 2847 825 2878 is
848 2856 891 2878 no
907 2846 1021 2887 longer

262 2887 367 2918 afraid
384 2888 422 2919 of
433 2888 638 2930 prejudicing
654 2889 739 2921 Milo
754 2890 898 2931 thereby,
923 2901 958 2921 as
979 2890 1020 2922 he

263 2941 330 2962 was
360 2931 438 2972 only
463 2932 518 2964 the
545 2933 738 2965 instrument
765 2933 803 2966 of
828 2933 884 2965 the
910 2933 1020 2966 divine

262 2984 454 3016 vengeanee.

1088 1939 1314 1966 reservarunt.

1137 1986 1148 2007 1
1159 1985 1185 2008 1.
1230 1981 1480 2010 satemtibus:
1525 1978 1558 2010 in
1598 1978 1654 2011 the
1696 1978 1851 2021 speeches

1089 2020 1211 2061 always
1226 2020 1259 2051 in
1275 2031 1296 2052 a
1312 2021 1377 2053 bad
1393 2032 1496 2060 sense,
1513 2033 1556 2054 se.
1578 2037 1607 2048 =
1626 2022 1768 2064 ‘hanger
1783 2020 1850 2060 on,’

1089 2063 1276 2097 ‘creature’
1321 2065 1388 2096 For
1413 2065 1469 2097 the
1495 2065 1591 2097 other
1617 2075 1708 2098 sense
1731 2065 1769 2097 of
1794 2065 1850 2097 the

1088 2107 1180 2138 word
1197 2107 1236 2138 cf.
1253 2107 1332 2148 Leg.
1350 2108 1371 2139 i.
1390 2108 1428 2139 26
1445 2119 1556 2140 sensus
1570 2114 1739 2151 tamquam
1760 2109 1850 2140 satel-

1089 2150 1162 2182 lites
1178 2150 1325 2182 attribuit
1341 2161 1380 2184 ac
1395 2152 1536 2184 nuntios.

1134 2197 1217 2225 nine
1231 2197 1475 2235 imaginibus,
1491 2199 1571 2228 tm:
1595 2195 1637 2228 cf.
1656 2197 1673 2234 ξ
1693 2204 1743 2237 33.
1784 2195 1851 2228 For

1089 2237 1145 2271 the
1161 2237 1252 2278 topic
1273 2247 1324 2270 see
1347 2238 1427 2280 Leg.
1447 2239 1482 2270 ii.
1504 2249 1544 2280 4²
1567 2249 1706 2281 quorum
1728 2238 1851 2270 scelere

1090 2281 1265 2321 religiones
1275 2287 1344 2312 tum
1354 2287 1532 2323 prostratae
1541 2288 1616 2314 sunt
1627 2306 1635 2314 .
1646 2307 1653 2314 .
1665 2306 1673 2315 .
1685 2282 1851 2325 sepultura

1091 2328 1124 2356 et
1141 2324 1233 2354 iustis
1249 2325 1476 2367 exsequiarum
1490 2332 1670 2358 caruerunt.

1138 2376 1188 2407 13.
1211 2370 1362 2401 maere:
1386 2369 1555 2411 generally
1574 2369 1673 2401 taken
1695 2373 1731 2401 to
1755 2378 1850 2400 mean

1092 2412 1102 2428 ‘
1113 2410 1183 2442 bier
1196 2411 1203 2422 ’
1218 2411 1261 2452 by
1276 2411 1350 2444 edd.
1372 2411 1448 2444 who
1469 2423 1623 2454 compare
1641 2412 1728 2444 Suet.
1748 2413 1850 2444 Dom.

1095 2463 1132 2495 15
1147 2454 1255 2486 evenit
1267 2459 1302 2487 ut
1319 2479 1327 2486 .
1343 2480 1351 2488 .
1370 2479 1378 2487 .
1390 2455 1518 2488 deiecto
1524 2457 1650 2496 funere
1661 2455 1851 2488 semiustum

1091 2497 1231 2530 cadaver
1258 2498 1474 2541 discerperent
1500 2509 1606 2532 canes.
1651 2499 1746 2531 More
1775 2509 1850 2541 pro·

1091 2540 1194 2581 bably
1215 2541 1454 2584 it=‘funera1,’
1477 2543 1499 2575 i.
1510 2554 1538 2575 e.
1566 2543 1623 2575 the
1649 2542 1789 2583 buming
1816 2541 1854 2573 of

1090 2584 1146 2616 the
1167 2584 1266 2626 body.
1312 2585 1436 2618 Colson
1458 2591 1573 2628 quotes
1595 2585 1684 2618 Sex-V.
1702 2595 1746 2618 on
1768 2586 1850 2618 Aen.

1089 2628 1123 2659 ii.
1142 2636 1159 2668 5
1164 2635 1205 2669 39
1210 2627 1326 2669 funus
1340 2635 1389 2661 est
1404 2629 1473 2661 iam
1487 2629 1608 2662 ardens
1621 2628 1768 2661 cadaver.

1137 2679 1187 2712 14.
1210 2675 1447 2705 celebritate:
1465 2671 1611 2705 ‘solemn
1621 2669 1849 2714 assemblage,’

1093 2717 1109 2753 5
1127 2715 1169 2746 66
1186 2727 1219 2748 n.
1449 2744 1453 2747 ,

1136 2767 1186 2800 15.
1211 2761 1359 2792 clariss.
1396 2762 1470 2791 vir.
1485 2770 1494 2791 ε
1538 2758 1591 2791 for
1626 2758 1683 2791 the
1719 2757 1849 2791 ancient

1088 2803 1242 2835 worthies
1258 2802 1298 2834 of
1313 2801 1368 2834 the
1389 2802 1555 2835 claudian
1577 2802 1679 2835 house
1695 2802 1735 2834 cf.
1753 2801 1848 2834 Cael.

1087 2855 1141 2887 33,
1160 2855 1211 2887 34-

1136 2898 1183 2929 17.
1210 2893 1371 2921 mortem
1388 2914 1396 2922 .
1414 2913 1422 2920 .
1441 2913 1448 2921 .
1463 2891 1647 2921 merari:
1673 2887 1849 2928 ‘mangled

1088 2933 1127 2965 in
1148 2931 1269 2965 death.’
1314 2932 1382 2964 For
1402 2932 1458 2964 the
1479 2932 1702 2966 construction
1726 2931 1850 2963 Krebs·

1088 2976 1182 3019 Allg.
1214 2986 1367 3019 compare
1407 2976 1547 3009 dolorem
1577 2975 1649 3008 eius
1679 2974 1851 3016 consolari,
