1942 3236
274 195 304 239 6
444 206 447 207 ’
731 195 792 237 M.
843 193 1033 235 TULLI
1070 191 1411 235 CICERONIS

277 314 453 356 insidias
465 312 620 354 Miloni
636 326 661 354 a
671 311 827 354 Clodio
838 324 931 352 esse
943 310 1095 360 factas,
1106 323 1184 350 nec
1198 306 1471 362 deprecaturi
1484 319 1634 348 sumus
1646 311 1694 358 ut
1707 303 1870 347 crimen

277 384 360 424 hoc
382 382 508 424 nobis
530 387 707 436 propter
735 379 873 421 multa
896 378 1118 433 praeclara
1145 378 1188 418 in
1215 391 1306 419 rem
1337 375 1558 431 publicam
1588 374 1744 416 merita
1771 386 1870 416 con'-

278 452 463 494 donetis.
487 464 567 492 nec
588 448 850 504 postulaturi
871 454 931 496 ut,
953 447 1056 501 quia
1078 460 1193 487 mors
1217 446 1262 486 P.
1284 445 1414 488 Clodi
1435 443 1550 486 salus
1566 450 1710 485 vestra
1730 442 1870 489 fuerit,

279 521 441 565 idcirco
463 533 559 560 eam
580 518 731 559 virtuti
754 517 934 558 Milonis
955 516 1102 570 potius
1131 528 1262 568 quam
1292 513 1441 574 populi
1465 513 1655 554 Romani
1676 510 1871 556 felicitati

278 589 530 642 adsignetis.

280 659 469 712 denique
500 656 739 698 obsecrabo
770 654 1113 707 obtestaborque
1142 667 1231 703 vos,
1262 652 1438 700 iudices,
1475 651 1511 692 si
1547 657 1712 698 cetera-
1727 649 1874 695 amisi-.-

282 740 389 776 mus,
426 725 510 766 hoc
551 725 675 766 nobis
717 723 874 765 saltem
916 729 965 765 ut
1004 722 1286 776 relinquatur,
1327 721 1462 762 vitam
1503 719 1559 761 ab
1599 718 1873 776 inimicorum

281 796 465 837 audacia
496 794 681 848 telisque
712 799 760 834 ut
792 793 973 846 impune
1004 791 1132 832 liceat
1162 790 1403 834 defendere.

229 857 260 900 3
342 863 430 905 Sed
465 869 701 916 antequam
739 861 794 903 ad
836 874 934 902 eam
976 861 1218 902 orationem
1259 858 1401 908 venio,
1441 868 1567 911 quae
1593 861 1659 898 est
1697 855 1875 929 propria

283 939 451 974 vestrae
479 930 755 985 quaestionis,
782 929 985 970 videntur
1013 943 1063 970 ea
1092 928 1198 969 mihi
1228 941 1322 968 esse
1349 925 1591 974 refutanda,
1619 926 1731 978 quae'
1760 930 1804 989 et
1832 925 1875 965 in

283 1007 437 1042 senatu
484 1001 539 1041 ab
580 999 765 1040 inimicis
806 991 936 1053 saepe
977 998 1140 1039 iactata
1175 1003 1277 1037 sunt
1313 1001 1357 1036 et
1393 995 1437 1035 in
1474 994 1679 1036 contione
1709 993 1766 1035 ab
1795 994 1877 1035 irn-

283 1069 432 1124 probis
450 1076 492 1110 et
514 1068 643 1123 paulo
666 1074 767 1109 ante
789 1068 844 1108 ab
867 1066 1205 1113 accusatoribus,
1222 1071 1270 1106 ut
1286 1063 1404 1105 omni
1425 1075 1567 1104 errore
1589 1062 1778 1110 sublato
1784 1057 1876 1116 rem

283 1139 426 1194 plane,
448 1152 559 1191 quae
577 1138 733 1194 *veniat
765 1137 808 1177 in
840 1136 1061 1184 iudicium,
1086 1135 1234 1176 videre
1264 1133 1477 1187 possitis.
1516 1120 1693 1187 Negant
1721 1122 1877 1174 intueri

284 1209 426 1249 lucem
447 1220 541 1248 esse
568 1206 634 1247 fas
662 1206 714 1256 ei,
735 1205 809 1260 qui
838 1219 863 1246 a
889 1219 936 1246 se
967 1204 1192 1245 hominem
1223 1203 1414 1244 occisum
1446 1201 1647 1260 fateatur.

330 1307 359 1329 1.
383 1308 452 1329 esse
471 1298 554 1329 HE:
585 1308 645 1329 om.
664 1297 725 1329 Τδ.
854 1303 895 1335 ³3.
922 1296 1000 1338 quia
1016 1296 1116 1334 st:
1138 1294 1171 1326 si
1192 1294 1286 1326 ΤΕσ.

286 1348 315 1382 7.
349 1341 445 1372 nobis
469 1339 585 1372 saltem
612 1341 693 1372 HTs·
717 1339 819 1380 (vobis
850 1340 928 1378 T.:)
965 1339 1080 1371 saltem
1103 1338 1194 1370 nobis
1220 1341 1302 1377 Εσχ.
1384 1336 1486 1368 vitam
1515 1336 1572 1368 lzoc
1598 1335 1662 1368 loco
1688 1335 1779 1375 HEs,
1803 1340 1880 1378 post

284 1385 423 1426 telisque
454 1385 518 1416 Τσ.
715 1394 746 1426 9.
771 1385 976 1415 orationem:
1012 1382 1175 1413 rationem
1204 1382 1244 1412 T.
1439 1389 1490 1413 10.
1512 1385 1656 1412 vestrae:
1691 1383 1820 1411 nostrae
1850 1380 1877 1410 δ.

283 1428 366 1460 1111111
391 1428 460 1459 Hs:
485 1438 545 1459 om.
561 1426 680 1467 ΤΕσχ.
761 1431 794 1459 et
817 1427 869 1458 in:
893 1436 956 1458 orn.
980 1431 1011 1458 et
1034 1426 1093 1456 Τδ.
1174 1429 1264 1466 saepe
1285 1424 1325 1455 ab
1348 1424 1503 1467 improbis
1523 1423 1563 1455 E.
1698 1431 1748 1453 12.
1771 1433 1878 1454 errore

284 1472 382 1511 st:
408 1476 530 1503 terrore
546 1471 640 1503 ΤΕσ.
745 1479 794 1511 14.
818 1480 887 1502 esse
902 1469 951 1500 fas
967 1469 1052 1500 HE:
1079 1468 1219 1509 Quintil.
1236 1479 1266 1500 v.
1285 1477 1336 1500 11.
1356 1477 1412 1500 12:
1423 1466 1487 1508 fas
1500 1476 1564 1499 esse
1579 1466 1638 1499 Τδ.
1683 1466 1879 1505 οοε1511111σ,

285 1514 421 1556 Quintil.
446 1515 487 1546 iv.
512 1524 540 1545 2.
560 1524 598 1554 25
617 1518 696 1546 vett.
721 1514 797 1545 edd.
813 1524 904 1551 ;esse
927 1513 1064 1544 occisum
1086 1513 1150 1548 1153
1183 1521 1320 1544 occzsum
1343 1521 1405 1544 esse
1427 1511 1497 1552 ΤΕ,
1523 1509 1662 1552 Quintil.
1687 1520 1720 1542 v.
1746 1518 1797 1542 11.
1828 1518 1879 1549 12,

283 1569 349 1591 voc.
366 1569 434 1590 esse
449 1562 526 1589 ante
540 1557 708 1589 hominem
723 1558 798 1589 adl.
817 1556 1019 1588 Rufinianus.

1429 1302 1458 1333 5.
1482 1293 1530 1325 sin
1550 1292 1652 1324 HEs:
1676 1291 1734 1324 sed
1743 1292 1776 1323 sz·
1789 1292 1878 1332 Τσχ.

286 1657 374 1688 upon
399 1656 419 1677 a
441 1645 558 1676 bolder
580 1645 676 1686 style,
696 1644 759 1676 and
783 1644 933 1686 employs
957 1654 1047 1676 some

286 1689 421 1721 lumina
450 1689 619 1720 orationis.
671 1689 808 1729 Quintil.
838 1689 963 1720 notices
993 1688 1048 1719 the

287 1731 518 1772 ὀμοιοτέλευτα
546 1733 579 1763 111
602 1732 872 1773 exstinguendam
894 1755 902 1763 .
933 1756 940 1763 .
965 1755 973 1763 .
1000 1732 1049 1762 in-

287 1776 490 1817 fringendam
515 1776 572 1816 [ix.
597 1785 626 1816 3.
647 1776 724 1817 77];
749 1776 804 1807 the
827 1786 916 1806 same
939 1775 1050 1806 device

286 1820 314 1851 is
325 1819 500 1860 employed
511 1819 590 1851 with
606 1818 699 1851 effect
712 1819 746 1849 in
758 1819 974 1860 deprecaturi
988 1842 996 1850 .
1017 1843 1024 1850 .
1043 1843 1050 1851 .

286 1862 496 1905 postulaturi
517 1886 525 1894 .
554 1887 561 1895 .
587 1887 594 1895 .
619 1862 815 1894 condonetis
841 1886 849 1893 .
875 1887 882 1894 .
910 1886 917 1893 .
942 1861 1050 1903 adsig-

1119 1643 1209 1676 often
1240 1643 1300 1674 has
1337 1642 1393 1674 the
1431 1641 1529 1674 indic.
1561 1651 1658 1684 pres„
1689 1640 1795 1682 rarely
1824 1640 1880 1672 the

1118 1688 1223 1718 future
1236 1687 1368 1728 perfect,
1392 1696 1489 1718 never
1511 1685 1568 1717 the
1591 1685 1696 1717 future
1713 1684 1836 1726 (which
1852 1684 1880 1716 is

1118 1730 1218 1762 found
1241 1731 1274 1761 in
1297 1730 1432 1761 Plautus
1455 1729 1521 1761 and
1544 1729 1703 1767 Terence)
1719 1728 1784 1759 and
1805 1738 1880 1770 pro·

1117 1774 1219 1815 bably
1233 1784 1328 1805 never
1347 1774 1404 1805 the
1423 1772 1516 1815 impf.
1533 1772 1598 1804 and
1619 1770 1736 1814 plupf.'
1751 1771 1880 1814 [Reid].

1161 1821 1370 1849 orationem
1393 1840 1401 1849 .
1420 1841 1428 1849 .
1446 1839 1454 1848 .
1477 1818 1730 1855 quaestionis:
1767 1814 1807 1847 cf.
1841 1814 1882 1847 de

1118 1861 1175 1893 Or.
1193 1861 1226 1892 ii.
1248 1869 1317 1900 114.

287 1907 383 1938 netis.

335 1958 362 1988 3.
387 1952 492 1987 quia:
526 1948 582 1980 the
606 1949 732 1980 variant
761 1949 794 1980 si
821 1949 848 1980 is
878 1948 934 1980 the
964 1958 1052 1979 rarer

288 1992 405 2031 idiom,
432 1992 496 2023 and
526 1992 685 2024 therefore
712 1993 892 2025 attractive.
949 1992 1050 2031 Quia,

288 2036 451 2074 however,
468 2046 571 2067 seems
587 2046 677 2068 more
689 2036 864 2078 emphatic,
882 2045 918 2066 as
930 2036 1051 2076 stating

289 2080 362 2111 that
388 2060 468 2110 such
494 2080 521 2110 is
549 2079 695 2120 actually
717 2080 772 2110 the
799 2089 881 2117 case,
906 2079 1051 2110 whereas

289 2123 322 2154 si
341 2123 368 2153 is
373 2122 622 2172 *hypotheticaL
669 2123 832 2164 Compare
855 2133 883 2154 e.
894 2133 925 2163 g.
951 2122 1050 2166 Tusc-

291 2167 335 2198 D.
359 2166 393 2197 ii.
418 2167 436 2197 8
460 2176 531 2204 nec,
554 2166 586 2196 sz'
614 2165 646 2196 id
678 2166 740 2207 ipsi
764 2166 871 2197 minus
897 2164 1050 2207 consequi

291 2219 475 2251 possumus,
493 2209 611 2240 z'dczrco
630 2209 735 2240 minus
752 2209 785 2240 id
802 2210 848 2240 ita
865 2208 1050 2240 faciendum

291 2263 360 2284 esse
375 2253 541 2291 sentimus,
555 2252 660 2283 where
676 2263 719 2283 no
732 2253 888 2284 assertion
901 2253 929 2283 is
941 2251 1049 2301 made,

291 2296 371 2327 with
395 2306 422 2326 e.
433 2306 464 2336 g.
482 2296 571 2326 Brut.
596 2305 650 2336 141
678 2295 758 2337 quia
782 2301 924 2337 praestat
944 2295 1050 2326 omni-

292 2340 352 2371 bus
383 2339 632 2376 Demosthenes,
660 2339 779 2370 idcirco
803 2350 823 2370 a
847 2339 954 2370 doctis
981 2349 1052 2370 ora-

291 2387 400 2414 torum
438 2387 487 2413 est
525 2383 676 2423 princeps
713 2383 883 2414 iudicatus.
958 2382 1048 2422 Quia

294 2436 368 2466 may
385 2426 466 2456 have
483 2426 562 2456 been
583 2426 731 2466 changed
754 2430 789 2456 to
809 2425 842 2456 sz'
855 2426 898 2466 by
914 2437 932 2456 a
949 2426 1053 2457 scribe

292 2469 367 2500 who
392 2469 532 2509 thought
561 2469 632 2500 that·
659 2470 684 2500 it
711 2469 813 2510 ought
837 2474 895 2500 not
919 2474 953 2500 to
976 2468 1052 2500 take

293 2512 348 2543 the
375 2511 585 2552 subjunctive.
632 2513 718 2543 Both
742 2514 875 2554 phrases
898 2523 952 2544 are
978 2522 1052 2543 con-

293 2555 421 2586 sidered
445 2555 613 2596 examples
639 2555 678 2587 of
696 2555 866 2596 pleonasm
890 2556 934 2596 by
957 2554 1053 2587 Hell-

293 2598 398 2636 muth,
417 2609 450 2639 p.
470 2599 540 2638 158,
556 2599 596 2630 cs.
618 2602 633 2636 ξ
653 2608 694 2638 30
709 2599 832 2630 sicuti.
853 2623 860 2631 .
879 2623 887 2630 .
907 2599 966 2631 ita.

339 2650 368 2681 5.
393 2645 474 2673 sinz
499 2642 549 2672 for
572 2643 698 2674 nisi
725 2665 732 2673 .
748 2643 802 2673 sin
824 2643 863 2674 cf.
881 2642 992 2674 Plane.
1012 2650 1053 2681 3;

292 2685 350 2758 seld
360 2685 401 2722 si,
419 2685 565 2716 retained
589 2686 632 2726 by
648 2685 778 2723 Miiller,
802 2686 829 2717 is
849 2696 891 2717 an
915 2686 1056 2716 obvious

293 2739 316 2769 g
331 2738 393 2759 055.

339 2781 370 2812 9.
395 2771 461 2802 For
483 2770 538 2803 the
560 2775 734 2803 treatment
753 2771 792 2803 of
813 2772 901 2803 these
915 2771 1055 2814 praeiu-

293 2814 382 2845 dicia
399 2825 450 2845 see
466 2825 497 2855 p.
511 2815 545 2847 li.
592 2815 709 2846 Cicero
730 2815 809 2846 does
825 2820 881 2847 not
898 2815 1003 2856 object
1020 2820 1056 2847 to

288 2858 502 2932 praez'zccilz‘cia
525 2858 619 2889 when
650 2858 726 2900 they
749 2859 864 2890 favour
889 2859 941 2890 his
968 2869 1054 2897 case,

295 2911 322 2932 e.
334 2911 366 2941 g.
428 2911 458 2932 u.
480 2908 509 2941 7.

339 2948 559 2982 antequam:
596 2944 693 2977 ‘after
722 2944 788 2977 this
814 2945 906 2977 word
938 2945 1055 2977 Cicero

1165 1913 1215 1936 10.
1238 1907 1354 1935 mihi:
1386 1903 1442 1936 the
1470 1902 1678 1934 additionrof
1702 1901 1767 1934 this
1788 1900 1882 1933 word

1118 1947 1204 1979 from
1228 1947 1274 1985 H,
1293 1957 1328 1978 as
1345 1946 1506 1979 Garatoni
1522 1946 1632 1996 points
1647 1950 1713 1984 out,
1733 1954 1881 1978 removes

1119 1992 1174 2022 the
1204 1991 1398 2032 unpleasing
1434 1990 1543 2021 hiatus
1579 1989 1612 2020 in
1642 1989 1698 2021 the
1727 1988 1882 2029 ordinary

1117 2035 1255 2075 reading
1269 2044 1305 2065 ea
1321 2044 1394 2065 esse.
1438 2034 1492 2065 On
1508 2033 1564 2065 the
1579 2031 1704 2073 subject
1719 2032 1757 2064 of
1771 2031 1881 2063 hiatus

1118 2078 1151 2109 in
1168 2088 1263 2119 prose
1279 2088 1331 2109 see
1347 2077 1439 2109 Orat.
1460 2085 1521 2117 150
1536 2086 1583 2118 sq.

1165 2130 1214 2152 12.
1238 2124 1340 2152 omni
1364 2131 1491 2152 errore
1518 2123 1686 2153 sublato:
1711 2117 1767 2150 the
1789 2127 1879 2150 same

1118 2165 1235 2206 phrase
1272 2174 1385 2196 occurs
1422 2163 1498 2196 Clu.
1536 2163 1591 2204 83,
1629 2162 1712 2204 Rep.
1750 2161 1787 2194 ii.
1830 2162 1880 2193 18.

1125 2209 1159 2240 T
1154 2218 1262 2239 errme
1291 2207 1320 2239 is
1351 2219 1371 2239 a
1400 2217 1549 2249 perverse
1578 2206 1760 2238 alteration.
1808 2205 1881 2239 The

1119 2252 1203 2283 fears
1234 2251 1272 2282 of
1305 2251 1360 2282 the
1386 2250 1492 2291 jurors
1523 2250 1608 2282 have
1637 2249 1719 2281 been
1748 2248 1882 2290 already

1119 2294 1280 2336 dispelled
1296 2294 1359 2326 and
1374 2293 1429 2326 the
1442 2294 1572 2326 orator
1563 2304 1592 2326 is
1601 2293 1742 2335 arguing
1752 2292 1881 2334 against

1119 2349 1139 2370 a
1156 2338 1425 2379 misconception.

1166 2390 1216 2420 13
1240 2391 1332 2419 quae
1356 2384 1485 2413 veniat
1510 2383 1554 2412 111
1580 2382 1809 2412 iudicium:
1825 2378 1881 2410 the

1121 2425 1231 2456 Greek
1257 2424 1296 2454 τὸ
1319 2423 1515 2464 κρινόμενον.
1561 2423 1601 2455 Ι11
1625 2423 1669 2454 ad
1692 2422 1836 2454 Herenn.
1858 2422 1882 2454 i.

1124 2468 1163 2499 26
1189 2469 1244 2500 the
1273 2472 1355 2499 term
1382 2467 1541 2499 iudicatio
1564 2467 1592 2498 is
1617 2466 1706 2499 used.
1751 2466 1880 2504 Cicero,

1120 2512 1208 2561 Top3
1231 2521 1283 2553 95,
1309 2512 1429 2553 prefers
1458 2521 1521 2553 qua
1550 2511 1591 2543 de
1617 2521 1650 2542 re
1676 2509 1804 2551 agitur:
1840 2509 1881 2540 de

1123 2555 1179 2587 Or.
1200 2555 1221 2586 i.
1242 2564 1303 2596 139
1319 2555 1360 2587 he
1375 2564 1458 2596 sayS,
1476 2554 1588 2596 quod'
1579 2564 1612 2585 m
1628 2552 1882 2586 controversiam

1120 2599 1218 2630 venit.

1165 2644 1311 2673 intueri
1325 2645 1472 2673 lucem·
1464 2665 1472 2673 .
1495 2640 1535 2673 cf.
1554 2643 1571 2679 5
1590 2650 1607 2683 5
1634 2639 1883 2682 suppliciorum,

1123 2695 1158 2718 n.

1171 2737 1219 2768 14.
1235 2731 1401 2759 occisum
1411 2731 1595 2759 fateatur:
1613 2727 1630 2758 Ι
1641 2726 1722 2759 omit
1730 2736 1793 2758 esse
1805 2725 1884 2757 with

1124 2771 1246 2802 several
1269 2771 1325 2802 old
1348 2770 1478 2811 editors,
1505 2770 1561 2802 the
1584 2770 1713 2802 various
1735 2770 1830 2801 order
1851 2770 1885 2800 in

1124 2815 1159 2846 in
1176 2815 1209 2845 H.
1227 2814 1290 2845 and
1307 2814 1367 2845 TE
1383 2814 1482 2854 being
1504 2814 1696 2855 suspicions.
1743 2813 1809 2844 For
1829 2813 1885 2844 the

1125 2859 1282 2889 omission
1298 2868 1349 2889 see
1367 2857 1527 2896 Kiihnast‚
1543 2868 1576 2898 p.
1596 2863 1668 2899 277.
1700 2856 1773 2887 The
1788 2860 1884 2888 state-

1125 2907 1214 2932 ment
1230 2901 1305 2932 here
1322 2901 1417 2932 made
1432 2900 1605 2932 resembles
1625 2902 1695 2931 that
1713 2900 1747 2931 in
1765 2899 1806 2931 de
1825 2899 1880 2931 Or.

1124 2945 1158 2976 ii.
1178 2953 1238 2987 105
1255 2944 1291 2976 de
1305 2944 1437 2976 sicariis
1455 2943 1605 2987 infitiari
1618 2953 1737 2975 necesse
1750 2946 1806 2975 est.

602 587 680 629 Sin
716 586 830 627 illius
868 585 1049 627 insidiae
1084 583 1284 627 clariores
1322 583 1404 624 hac
1431 582 1536 624 -luce
1570 581 1741 631 fuerint,
1777 586 1909 630 tumf,

1897 941 1936 963 10

1710 1201 1763 1242 In
1789 1214 1879 1255 qua
1920 1259 1922 1262 ἡ
