1942 3236
91 91 95 93 ’
169 92 179 101 ιι

87 102 109 126 1·
115 106 146 127 vvvvvv

629 196 708 238 IN
741 197 1182 242 MILONIANAM
1630 216 1710 262 117

42 350 78 361 ..
103 309 194 371 [ξε
211 309 354 358 sactus
372 328 472 357 reus
492 314 688 357 ambitus
709 315 828 369 apud
853 315 1071 358 Manlium
1096 318 1373 373 Torquatum
1402 320 1561 362 absens
1583 322 1708 364 dam-

102 388 235 429 natus
253 390 335 428 est.
397 383 481 427 Illa
500 398 679 440 quoque
699 384 799 440 lege
819 393 1049 429 accusator
1070 387 1151 429 fuit
1173 389 1266 430 eius
1288 389 1464 444 Appius
1488 389 1709 442 Claudius,

33 502 35 505 ,
70 458 150 522 ,et
166 467 270 497 cum
299 454 341 497 ei
370 454 617 523 praemium
644 453 743 508 lege
774 455 966 505 daretur,
992 457 1172 511 negavit
1194 471 1240 499 se
1262 471 1315 499 eo
1338 459 1413 500 uti.
1475 458 1705 515 Subscrip-

46 544 78 574 ς..
102 529 252 568 munt
271 523 312 566 ei
334 522 440 579 (in)
464 523 659 566 ambitus
690 524 853 566 iudicio
887 524 931 565 Ρ.
955 524 1160 567 Valerius
1188 526 1281 568 Leo
1310 534 1354 568 et
1377 526 1456 568 Cn.
1482 528 1709 572 Domitius

39 607 70 654 ,ᾗ
102 592 184 638 Cn.
200 592 230 636 s.
290 593 399 636 Post
422 606 587 649 paucos
607 594 701 636 dies
721 606 899 647 quoque
921 594 1032 636 Milo
1053 596 1173 648 apud
1190 595 1250 637 M.
1269 596 1513 638 Favonium
1535 599 1706 652 quaesi·

98 668 244 708 torem
273 663 333 707 de
367 663 586 706 sodaliciis
617 664 856 705 damnatus
892 670 959 705 est
991 671 1226 706 accusante
1259 665 1303 706 P.
1338 666 1495 708 Fulvio
1527 667 1707 720 Nerato,

45 732 217 809 &wie
236 732 336 788 lege
355 733 600 789 praemium
623 734 780 775 datum
803 738 880 775 est.
943 733 1118 775 Deinde
1139 735 1259 789 apud
1283 735 1335 776 L.
1361 735 1549 777 Fabium
1572 750 1705 790 quae-

37 803 279 854 ,nitorem
308 802 470 846 iterum
502 803 663 845 absens
691 802 927 844 damnatus
961 809 1028 844 est
1055 803 1113 845 de
1133 804 1201 844 vi:
1233 805 1455 846 accusavit
1477 805 1530 846 L.
1554 805 1704 848 Corni-

0 923 2 938 Ι
28 864 79 945 Ξ.
97 872 224 918 ficius
244 878 288 916 et
305 872 361 928 Q.
379 872 618 916 Patulcius.
682 872 794 914 Milo
815 873 859 913 in
882 872 1067 915 exilium
1090 873 1335 915 Massiliam
1358 874 1472 916 intra
1494 876 1705 929 paucissi-

37 944 197 1008 §mou
223 943 319 987 dies
347 941 572 999 profectus
601 948 680 984 est.
743 942 870 984 Bona
898 942 990 985 eius
1020 950 1203 997 propter
1231 943 1341 984 aeris
1374 943 1504 985 alieni
1538 946 1706 1000 magni-

0 1021 2 1062 !
40 1002 75 1070 ff
95 1013 298 1059 tudinem
321 1012 547 1056 semuncia
567 1012 812 1055 venierunt.

44 1078 51 1150 'D
154 1082 263 1127 Post
303 1082 519 1125 Milonem
560 1082 717 1125 eadem
759 1082 858 1137 lege
899 1081 1114 1136 Pompeia
1155 1081 1324 1136 primus
1365 1088 1431 1124 est
1472 1089 1704 1127 accusatus

97 1152 162 1197 Μ.
184 1151 389 1198 Saufeius
411 1152 474 1194 M.
492 1151 534 1202 f.‚
549 1152 626 1206 qui
647 1151 742 1193 dux
762 1151 903 1193 suerat
925 1151 968 1192 in
991 1152 1295 1206 expugnanda
1315 1151 1500 1193 taberna
1522 1152 1704 1196 Bovillis

45 1225 65 1286 ζ
93 1229 141 1269 et
159 1221 320 1267 Clodio
339 1221 597 1265 occidendo.
657 1220 994 1264 Accusaverunt
1011 1235 1111 1262 eum
1131 1221 1182 1262 L.
1203 1220 1395 1270 Cassius,
1411 1221 1462 1262 L.
1482 1222 1704 1265 Fulcinius

35 1291 147 1341 ite.
174 1292 220 1345 f.‚
249 1292 301 1336 C.
321 1291 557 1342 Valerius3
588 1291 880 1334 defenderunt
912 1291 974 1332 M.
1009 1290 1176 1341 Cicero,
1209 1291 1270 1331 M.
1305 1290 1492 1342 Caelius,
1525 1292 1701 1334 obtinu-

41 1361 61 1379 ⁴⁴
93 1368 311 1419 eruntque
334 1369 384 1405 ut
406 1375 494 1405 una
513 1361 733 1404 sententia
753 1360 1068 1403 absolveretur.
1132 1359 1548 1403 Condemnaverunt
1578 1375 1701 1403 sena-

90 1439 211 1477 tores
244 1432 302 1485 X,
334 1431 620 1475 absolverunt
656 1431 803 1482 VIII;
847 1430 1255 1472 condemnaverunt
1297 1431 1470 1485 equites
1508 1430 1700 1472 Romani

22 1515 26 1518 ”
59 1550 64 1551 ⁷
90 1501 248 1554 VIIII,
269 1500 556 1546 absolverunt
575 1501 692 1543 VIII
712 1516 723 1550 3
754 1500 833 1542 sed
856 1514 914 1541 ex
938 1499 1127 1541 tribunis
1149 1499 1325 1541 aerariis
1348 1500 1392 1541 X
1414 1500 1701 1542 absolverunt

46 1586 55 1613 ἰ
92 1571 163 1616 VI
197 1573 542 1619 damnaverunt:
587 1570 961 1624 manifestumque
994 1569 1146 1611 odium
1186 1568 1314 1611 Clodi
1351 1567 1482 1610 saluti
1521 1568 1701 1611 Saufeio

33 1641 187 1699 ipsust,
206 1655 307 1685 cum
327 1641 422 1684 eius
442 1640 512 1684 vel
534 1640 659 1696 peior
679 1653 811 1682 causa
838 1639 843 1694 Ι
870 1643 1003 1694 quam
1023 1638 1205 1680 Milonis
1227 1638 1392 1689 fuisset,
1408 1639 1527 1693 quod
1550 1645 1701 1694 aperte
1718 1657 1765 1687 55

53 1763 55 1766 Α
79 1712 188 1757 dux
204 1711 348 1755 fuerat
360 1711 688 1767 expugnandae
701 1709 923 1751 tabernae.
986 1709 1224 1763 Repetitus
1239 1707 1400 1749 deinde
1416 1713 1518 1761 post
1535 1721 1700 1762 paucos

39 1843 42 1844 γ
90 1781 184 1827 dies
212 1782 333 1839 apud
357 1779 466 1838 (C.)
491 1779 753 1823 Considium
789 1777 1086 1833 quaesitorem
1120 1785 1186 1820 est
1222 1777 1320 1833 lege
1353 1776 1526 1819 Plautia
1556 1779 1612 1819 de
1643 1777 1699 1828 vi,

620 1902 673 1926 22.
700 1893 737 1926 C.
754 1891 864 1936 suppl.
881 1892 938 1925 KS
954 1892 988 1924 in
1005 1891 1190 1925 AddendiS.

127 2017 169 2053 >3,-
189 2018 235 2047 uo
248 2017 292 2042 σο
305 2012 387 2043 *nit
413 2010 452 2041 ‘a
466 2006 588 2052 phrase
602 2005 684 2039 used
698 2005 743 2047 by
757 2016 777 2037 a
793 2015 865 2047 per·
929 2003 950 2037 i.
962 2015 991 2036 e.
1012 2003 1083 2035 rod.
1097 2004 1130 2035 in
1143 2002 1200 2036 the
1216 2002 1340 2045 pound.

90 2064 152 2089 sou
165 2052 244 2087 who
263 2053 408 2088 declines
431 2063 452 2085 a
475 2050 638 2095 proffered
662 2049 798 2082 favour:
823 2048 863 2081 cf.
977 2057 1025 2088 13.
1051 2051 1100 2079 Η.
1125 2050 1323 2080 sauram:
1357 2056 1408 2078 we
1438 2044 1518 2086 only
1540 2044 1640 2076 know
1667 2044 1706 2076 os

40 2122 43 2123 ν
90 2097 185 2132 verr·
199 2097 235 2131 ii.
249 2105 292 2140 42
310 2097 379 2130 illis
393 2096 539 2140 quinque
562 2094 728 2127 iudicibus
752 2093 809 2125 uti
832 2103 865 2125 se
928 2091 996 2124 him
1015 2091 1099 2124 from
1116 2090 1290 2123 Asconius.
1337 2089 1487 2122 Another
1503 2089 1651 2120 member
1667 2087 1706 2119 of

198 2151 208 2181 ς
238 2141 334 2175 Fam.
363 2141 400 2174 ii.
430 2146 482 2183 17.
509 2145 528 2182 7
552 2138 664 2171 alariis
696 2137 864 2179 Transpa-
926 2135 983 2168 the
1010 2135 1137 2177 family,
1169 2134 1300 2176 Appius
1329 2134 1489 2172 Saufeius,
1514 2133 1591 2164 who
1622 2131 1700 2164 died

89 2185 187 2220 daniz
201 2184 258 2218 uti
270 2194 424 2228 negarem
441 2182 622 2227 [MadvigJ.
664 2182 714 2214 As
731 2182 864 2224 Appius
926 2190 1009 2212 soon
1034 2179 1235 2217 afterwards,
1269 2188 1411 2220 appears
1441 2182 1477 2209 to
1507 2176 1591 2207 have
1618 2175 1699 2207 been

89 2238 160 2263 vu
173 2229 389 2273 prosecuting
403 2228 455 2260 for
466 2226 584 2269 family
594 2235 738 2265 reasons,
751 2224 794 2257 he
805 2224 864 2255 did
925 2223 997 2255 also
1011 2222 1193 2255 concerned
1209 2222 1241 2253 in
1258 2222 1313 2254 the
1325 2221 1469 2254 troubles
1480 2220 1518 2251 of
1524 2220 1589 2251 this
1601 2229 1696 2260 year:

30 2275 59 2300 ‘2³²'
89 2276 151 2306 not
164 2273 249 2309 ”ish
269 2277 306 2306 to
325 2273 368 2306 be
388 2271 512 2305 looked
538 2280 631 2314 upon
654 2280 691 2302 as
714 2279 735 2301 a
756 2268 863 2311 quad-
925 2267 966 2298 cf.
985 2267 1056 2299 Att.
1072 2266 1116 2298 vi.
1135 2275 1162 2297 1.
1183 2275 1222 2297 10
1245 2265 1423 2308 Saufeium
1447 2268 1599 2296 nostrum
1621 2286 1629 2295 .
1654 2287 1662 2295 .
1689 2286 1698 2295 .

35 2331 57 2361 -ξ
88 2315 253 2361 ruplator.
913 2311 1047 2353 fratris
1060 2310 1153 2353 Appi
1161 2320 1306 2341 amorem
1322 2319 1400 2350 erga
1414 2319 1466 2339 me
1482 2318 1557 2339 cum
1572 2306 1697 2348 reliqua

155 2385 165 2394 .
189 2362 234 2394 D.
248 2362 429 2394 vunnu
443 2363 541 2392 Ῑιοοι
564 2358 687 2390 Ascon.
706 2364 746 2398 35
760 2365 795 2388 n.
924 2354 1102 2386 hereditate
1126 2354 1274 2392 crevisse,
1300 2352 1356 2395 qui
1381 2351 1558 2384 declaravit
1583 2351 1697 2392 quanti

157 2429 166 2438 .
189 2407 232 2439 Ξ.
251 2406 390 2438 mvio
415 2406 575 2437 uento:
598 2402 722 2433 Ascon.
741 2410 785 2442 40
804 2409 838 2431 n.
924 2409 978 2430 me
992 2398 1111 2431 faceret
1120 2408 1194 2430 cum
1206 2407 1313 2439 saepe,
1325 2400 1397 2427 tum
1409 2396 1447 2426 in
1458 2396 1584 2426 Bursa.
1623 2393 1698 2425 The

40 2471 43 2475 μ
132 2449 164 2482 8.
188 2451 236 2481 fl·
255 2451 317 2481 vl:
349 2447 417 2480 this
439 2457 501 2480 can
523 2445 642 2487 hardly
664 2444 749 2476 have
779 2445 862 2476 been
923 2441 1083 2483 Saufeius
1097 2446 1207 2473 noster
1228 2440 1266 2471 of
1289 2440 1354 2471 this
1370 2439 1465 2471 letter
1485 2438 1512 2469 is
1533 2437 1698 2479 probably

86 2491 192 2526 under
215 2490 274 2525 the
299 2491 487 2535 provisions
510 2489 550 2522 of
569 2489 625 2521 the
651 2489 707 2520 lex
736 2487 859 2526 Plotia,
924 2486 963 2517 L.
989 2485 1150 2523 Saufeius,
1176 2495 1196 2516 a
1224 2483 1327 2515 friend
1348 2484 1386 2514 of
1403 2483 1543 2514 Atticus.
1590 2481 1697 2522 Pliny,

88 2537 179 2571 zinoe
199 2536 257 2570 the
279 2535 448 2579 quaesitor
469 2534 503 2566 in
526 2533 592 2566 this
614 2538 707 2565 court
729 2542 797 2563 was
821 2531 861 2564 C.
923 2530 967 2561 N.
990 2530 1036 2562 H.
1060 2529 1116 2561 vii.
1144 2529 1214 2567 183,
1232 2528 1329 2559 refers
1349 2531 1384 2558 to
1405 2537 1445 2558 an
1462 2525 1593 2567 Appius
1614 2525 1697 2556 Sau-

31 2582 55 2626 A'.)
88 2579 414 2620 Considiu⁸‚Aseon.
427 2586 479 2620 55.
515 2576 683 2617 Probably
696 2575 781 2607 Milo
793 2585 862 2606 was
922 2573 1006 2605 seius
1026 2583 1062 2604 as
1080 2583 1121 2604 an
1141 2571 1293 2613 example
1316 2570 1353 2602 os
1370 2569 1494 2601 sudden
1510 2568 1628 2600 death:
1653 2567 1696 2599 he

86 2623 260 2667 uuigned
281 2623 386 2656 under
406 2622 464 2656 the
485 2623 542 2655 lex
567 2619 723 2654 cornelia
745 2620 780 2651 in
803 2618 860 2651 the
888 2652 891 2654 ,
923 2617 1000 2648 died
1031 2627 1047 2648 e
1082 2616 1210 2648 balineo
1247 2624 1398 2646 reversus
1434 2623 1508 2644 cum
1547 2611 1695 2643 mulsum

29 2678 46 2691 Ρ
87 2667 236 2712 quaestio
264 2667 357 2700 inter
383 2666 530 2699 sicarios.
566 2665 619 2697 Cf.
649 2666 666 2702 5
699 2672 737 2704 13
771 2667 862 2695 erant
923 2660 1061 2697 bibisset,
1091 2669 1254 2700 ovumque
1282 2658 1429 2689 sorberet.
1477 2656 1494 2688 1
1525 2665 1597 2687 owe
1628 2654 1695 2686 this

11 2706 16 2715 ’
87 2711 178 2745 enim
309 2715 400 2743 emnt
415 2709 624 2753 quaestiones
646 2707 702 2739 vel
715 2706 754 2739 de
769 2706 861 2738 caede
923 2704 1083 2736 reference
1098 2709 1133 2735 to
1150 2703 1214 2734 Mr.
1232 2702 1359 2733 Purser.

87 2754 245 2789 aldem.
269 2754 343 2787 The
354 2753 482 2788 offence
493 2750 753 2786 ofMilowould
765 2759 859 2782 corne
970 2757 1019 2779 22.
1055 2750 1092 2780 c.
1118 2748 1360 2779 censimum:
1384 2753 1428 2776 sc.
1453 2743 1492 2775 C.
1517 2740 1694 2775 Considius

41 2819 44 2822 -
86 2798 230 2841 directly
257 2798 363 2832 under
396 2798 453 2831 the
483 2795 664 2830 Cornelian
694 2794 779 2827 law:
819 2792 862 2826 cf.
923 2791 1069 2834 Longus,
1087 2790 1142 2822 the
1159 2789 1341 2831 Pompeian
1357 2796 1518 2829 governor
1530 2785 1569 2817 of
1583 2785 1694 2816 Africa

91 2845 166 2883 §11
183 2852 220 2876 n.
923 2836 957 2867 in
983 2843 1091 2876 51-50
1117 2841 1215 2865 1³.c.:
1250 2832 1291 2865 cf.
1321 2832 1397 2873 Lig.
1427 2839 1454 2862 2.
1504 2829 1578 2861 The
1594 2833 1693 2870 prae-

134 2894 187 2920 10.
209 2887 536 2925 multudinem:
561 2894 614 2916 see
630 2893 663 2926 p.
676 2892 752 2914 xxx.
924 2889 1055 2918 nomen,
1084 2876 1193 2909 which
1224 2876 1251 2908 is
1283 2874 1425 2907 omitted
1447 2874 1480 2906 in
1504 2873 1560 2905 the
1583 2871 1691 2911 MSS.,

134 2938 185 2964 11.
200 2933 411 2964 amuda:
426 2928 483 2961 the
494 2927 663 2970 syndicate
672 2923 863 2958 contracted
923 2927 1045 2955 cannot
1061 2921 1102 2953 be
1117 2919 1246 2963 spared.
1294 2919 1321 2955 F
1324 2930 1361 2951 or
1376 2917 1502 2950 similar
1517 2916 1693 2949 omissions

87 2977 125 3009 to
149 2984 218 3019 pay
241 2984 305 3007 one
331 2971 585 3015 twenty-fourth
609 2970 648 3003 of
669 2969 727 3002 the
750 2968 857 3010 debis,
924 2966 964 2999 cf.
985 2965 1036 3006 26,
1051 2964 1106 3007 65,
1125 2971 1178 3007 73.
