1942 3236
255 225 314 270 90
722 213 786 256 M.
837 212 1028 255 TULLI
1063 211 1404 256 CICERONIS

256 329 609 372 communionem
632 336 808 372 tuorum
831 335 1082 383 temporum
1105 328 1295 379 contuli;
1325 329 1409 372 hoc
1437 328 1627 383 denique
1648 328 1744 384 ipso
1763 328 1846 379 die,

257 398 292 439 si
325 412 411 452 qua
440 399 506 439 vis
537 405 604 440 est
634 405 800 452 parata,
832 398 867 440 si
900 411 987 452 qua
1017 397 1243 440 dimicatio
1273 397 1428 453 capitis
1459 397 1615 446 futura,
1637 398 1845 452 deposco.

258 466 377 521 Quid
401 467 486 508 iarn
509 471 674 509 restat?
705 467 808 521 quid
833 466 986 517 habeo,
1001 467 1119 520 quod
1138 467 1292 509 faciam
1309 480 1390 520 pro
1410 467 1496 508 tuis
1517 466 1560 507 in
1581 479 1652 508 me
1669 465 1847 515 meritis,

251 527 338 576 vnisi
361 541 410 577 ut
431 549 527 576 eam
549 535 781 585 fortunam,
803 548 1106 589 quaecumque
1127 535 1205 576 erit
1226 541 1314 583 tua,
1331 536 1489 577 ducam
1510 548 1655 576 meam
1670 538 1689 576 Ρ
1740 534 1845 576 Non

256 604 414 654 abnuo,
436 617 524 645 non
554 618 718 654 recuso,
744 617 911 658 vosque
940 604 1135 654 obsecrO,
1166 604 1341 654 iudices,
1373 609 1421 646 ut
1450 609 1597 645 vestra
1625 601 1844 651 beneficia,
1866 609 1884 643 5

257 686 369 726 quae
414 673 457 713 in
501 686 572 714 me
616 672 869 723 contulistis,
905 678 981 714 aut
1024 673 1067 713 in
1109 672 1236 713 huius
1276 672 1418 714 salute
1458 671 1654 726 augeatis
1690 678 1768 714 aut
1802 671 1846 713 in

174 739 240 793 3¹7
257 740 451 781 eiusdem
474 741 611 782 exitio
632 754 838 783 occasura
861 754 955 782 esse
976 741 1172 783 videatis.
1225 741 1310 782 His
1332 740 1520 782 lacrimis
1541 751 1629 782 non
1649 753 1847 782 commo-

173 797 239 826 101
257 815 382 850 vetur
412 809 545 859 Milo;
576 816 643 851 est
673 810 865 864 quodam
898 809 1136 851 incredibili
1169 809 1324 851 robore
1353 809 1518 861 animi;
1550 808 1755 850 exsilium
1786 809 1846 850 ibi

258 891 352 919 esse
374 883 513 932 putat,
535 879 610 919 ubi
630 879 780 919 virtuti
803 892 888 920 non
909 878 963 920 sit
985 877 1132 928 locus;
1164 884 1352 919 mortem
1382 884 1564 920 naturae
1583 876 1715 919 finem
1738 890 1846 927 esse,

256 959 343 987 non
385 960 583 1001 poenam.
645 946 714 989 Sit
749 947 821 988 hic
861 960 912 988 ea
953 952 1112 996 mente,
1145 960 1233 1001 qua
1272 953 1401 988 natus
1441 952 1534 998 est3
1576 946 1714 1000 quid?
1755 959 1847 996 vos,

257 1015 431 1065 iudices,
447 1029 535 1068 quo
550 1015 729 1056 tandem
747 1015 868 1057 eritis
884 1016 1063 1056 animo?
1105 1015 1367 1056 Memoriam
1391 1015 1569 1057 Milonis
1591 1013 1845 1063 retinebitis,

257 1083 399 1138 ipsum
432 1083 623 1126 eicietis?
669 1090 713 1126 et
744 1084 826 1125 erit
869 1084 1039 1138 dignior
1078 1083 1200 1126 locus
1233 1083 1345 1126 ullus
1379 1084 1422 1125 in
1455 1083 1592 1134 terris,
1624 1083 1700 1137 qui
1730 1082 1847 1125 hanc

256 1152 461 1193 virtutem
490 1152 697 1206 excipiat,
720 1166 853 1206 quam
883 1152 964 1201 hic,
987 1153 1061 1206 qui
1089 1154 1364 1207 procreavit?
1422 1152 1528 1202 Vos,
1550 1165 1629 1194 vos
1658 1151 1846 1207 appello,

1868 956 1908 980 10

304 1274 332 1298 1.
355 1270 540 1307 temporum
556 1276 618 1298 om.
635 1266 675 1297 E.
787 1276 814 1298 2.
839 1266 866 1297 si
882 1276 947 1307 qua
963 1265 1012 1297 vis
1028 1266 1085 1298 H:
1109 1266 1141 1297 si
1154 1275 1236 1308 quae
1251 1276 1282 1297 v.
1301 1265 1391 1297 ΤΕδ.
1515 1265 1544 1297 si
1559 1274 1624 1306 qua
1638 1264 1717 1297 dim.
1737 1263 1845 1295 HEa:

257 1308 288 1340 si
302 1320 386 1351 quae
400 1310 480 1341 dim.
498 1309 539 1342 T.
577 1309 768 1341 dimicatio.
791 1309 975 1341 dzff'mmutzo
991 1310 1030 1341 E.
1099 1318 1128 1349 3.
1152 1309 1240 1350 quod
1258 1309 1376 1340 faciam
1394 1309 1440 1348 H,
1458 1308 1661 1350 Naugerius:
1685 1306 1846 1350 quidfac.

257 1352 347 1383 ΤΕδ.
453 1361 482 1393 5.
510 1356 638 1385 vestra:
662 1357 773 1384 nostra
789 1353 835 1384 H.
960 1358 989 1393 7.
1013 1352 1086 1384 his:
1111 1352 1165 1384 lzz'c
1182 1352 1282 1391 Bake,
1299 1353 1354 1394 qui
1370 1362 1442 1384 voc.
1457 1351 1545 1383 Milo
1559 1351 1845 1383 de1.eom-

257 1400 406 1427 movetur
423 1396 494 1428 Hs:
519 1401 668 1428 movetur
682 1395 751 1428 rell.
835 1397 869 1427 8.
891 1395 948 1427 sed
958 1395 1052 1428 exsil.
1063 1396 1101 1428 E.
1277 1405 1307 1438 9.
1333 1396 1375 1428 sit
1391 1396 1439 1435 H,
1455 1399 1487 1427 et
1502 1405 1585 1428 corr.
1600 1395 1634 1426 in
1650 1404 1684 1427 5:
1707 1393 1765 1426 scd
1775 1393 1847 1426 rell.

261 1448 310 1472 10.
330 1439 431 1481 quid?
455 1449 523 1478 vos,
541 1439 681 1471 Miiller:
705 1439 792 1481 quid
802 1449 856 1470 vos
871 1439 960 1480 vulg.

261 1491 309 1514 12.
333 1482 421 1514 ullus
436 1483 468 1514 in
484 1483 577 1515 terris
594 1483 692 1514 HEs:
717 1483 756 1513 in
771 1483 870 1514 terris
885 1483 978 1514 ullus
991 1482 1080 1523 Τσχ.

257 1570 330 1603 that
359 1569 425 1602 this
455 1570 539 1602 form
569 1570 596 1601 is
626 1568 682 1602 the
712 1569 791 1611 only
821 1580 882 1601 one
911 1569 1020 1601 which

259 1624 313 1655 ap;
327 1624 397 1645 ears
422 1614 455 1644 in
485 1613 541 1645 the
571 1613 654 1645 later
685 1613 850 1655 speeches.
896 1613 935 1644 In
967 1613 1022 1644 the

258 1657 374 1689 earlier
389 1667 467 1688 ones
478 1657 594 1689 Cicero
607 1657 695 1688 osten
711 1666 784 1688 uses
795 1656 947 1695 liberum,
959 1666 1013 1697 e.g
1023 1680 1030 1686 .

259 1701 351 1732 Verr.
369 1700 388 1731 i.
409 1707 436 1740 7,
454 1709 507 1741 40,
527 1706 577 1741 77,
591 1708 664 1741 153.

306 1753 335 1779 2,
358 1747 393 1775 si
419 1754 491 1781 qua.
513 1767 520 1774 .
548 1767 555 1774 .
581 1768 588 1775 .
614 1746 652 1775 ³1
682 1753 771 1780 qua:
810 1742 851 1775 cf.
874 1743 966 1774 Verr.
990 1753 1020 1775 v.

262 1795 323 1828 149
338 1787 370 1818 si
384 1797 449 1828 qua
465 1787 579 1818 civitas
596 1809 605 1818 .
622 1810 630 1817 .
648 1811 655 1818 .
669 1787 700 1818 si
710 1797 776 1828 qua
788 1786 887 1823 natio,
899 1787 943 1819 ib.
960 1795 1020 1827 173

260 1831 372 1872 siqua
387 1831 449 1869 vis,
468 1830 531 1861 and
551 1834 565 1868 ξ
587 1836 624 1871 17
636 1840 671 1862 n.

303 1877 479 1911 deposco:
511 1883 555 1905 sc.
578 1873 667 1905 mihi
687 1877 832 1915 partem,
855 1872 898 1906 cf.
922 1873 1020 1906 Rosc.

260 1917 338 1949 Am.
358 1926 409 1957 95,
427 1916 536 1948 Scaur.
557 1925 608 1956 31.

303 1970 335 2000 4.
360 1964 492 1991 ducam
512 1970 650 1993 meam:
676 1970 719 1992 sc.
745 1960 817 1992 Cic.
840 1959 908 1992 will
928 1960 1021 1992 share

261 2003 313 2035 his
328 2003 421 2035 exile.
468 2002 553 2034 Milo
570 2008 656 2034 must
677 2003 759 2035 have
775 2004 892 2036 smiled
907 2009 940 2036 at
956 2004 1022 2036 this

263 2046 408 2084 flourish,
439 2046 535 2077 when
565 2046 606 2078 he
636 2046 713 2078 read
749 2047 805 2079 the
840 2047 959 2089 speech
989 2052 1022 2079 at

263 2089 422 2121 Massilia.
470 2090 586 2121 Cicero
608 2090 721 2121 makes
737 2101 756 2121 a
774 2090 900 2121 similar
915 2091 1022 2123 decla-

263 2133 379 2170 ration,
401 2132 511 2164 Planc.
529 2142 587 2163 102
605 2133 808 2165 fortunarum
824 2138 952 2165 tuarum
966 2158 974 2166 .
990 2158 997 2166 .
1012 2158 1021 2167 .

262 2176 407 2208 comitem
423 2176 607 2218 sociumque
622 2176 810 2217 profitebor.

307 2229 382 2250 non
408 2223 537 2257 abnuo,
565 2229 639 2250 non.
669 2230 822 2252 recuso:
861 2219 917 2252 the
943 2220 1022 2252 verb

263 2262 405 2294 abnuere
435 2263 462 2293 is
492 2267 551 2294 not
580 2262 659 2294 used
695 2262 868 2295 elsewhere
903 2263 936 2294 in
965 2264 1022 2295 the

263 2306 427 2347 speeehes,
460 2307 524 2336 and
556 2316 669 2337 occurs
700 2306 776 2347 only
806 2307 897 2338 three
925 2307 1022 2338 times

263 2349 296 2380 in
320 2349 375 2380 the
398 2349 641 2390 philosophical
661 2349 815 2390 writings.
862 2350 893 2381 It
914 2350 941 2381 is
964 2355 1022 2382 not

263 2392 364 2424 found
377 2393 409 2423 in
422 2392 554 2429 Caesar,
569 2393 626 2423 but
639 2392 771 2424 became
782 2403 858 2435 very
868 2404 1021 2425 common

262 2436 296 2467 in
322 2435 405 2467 later
428 2436 537 2466 Latin.
583 2436 632 2466 As
660 2435 716 2467 the
740 2436 831 2468 word
856 2436 885 2468 is
908 2447 928 2468 a
951 2446 1021 2468 rare

263 2489 337 2517 one,
355 2479 473 2510 Cicero
488 2483 564 2520 puts
579 2478 661 2511 after
676 2479 701 2510 it
717 2479 772 2511 the
794 2479 937 2511 familiar
954 2490 1021 2511 non

262 2531 382 2561 recuso,
407 2522 447 2553 cf.
476 2521 608 2562 Quinct.
636 2532 689 2563 44.
716 2523 770 2561 61,
796 2523 882 2554 Phil.
906 2523 940 2554 ii.
967 2532 1007 2563 35

263 2565 386 2597 Recuso
416 2565 444 2596 is
473 2565 649 2607 especially
679 2565 757 2597 used
786 2566 819 2597 in
849 2565 905 2598 the
931 2566 1020 2607 legal

262 2618 352 2640 sense
368 2608 406 2639 of
417 2608 542 2650 raising
556 2619 576 2640 a
597 2609 673 2650 plea
694 2609 838 2650 [causa]‚
854 2620 881 2641 e.
891 2620 925 2651 g.
943 2610 1019 2642 Clu.

266 2660 327 2692 154
336 2662 401 2682 non
413 2651 477 2683 hoe
489 2652 690 2692 recusabant,
702 2663 742 2684 ne
754 2663 794 2684 ea
806 2653 879 2694 lege
892 2663 1020 2684 accusa-

261 2699 391 2733 rentur,
412 2695 452 2726 de
474 2696 544 2726 Inv.
560 2695 593 2726 ii.
614 2704 650 2727 12
674 2695 762 2727 aliud
782 2696 943 2728 accusatio
963 2701 1020 2728 aut

261 2738 420 2769 recusatio
435 2738 594 2770 conficere
609 2739 715 2771 debet.

305 2781 335 2813 6.
358 2786 425 2813 aut
446 2806 453 2813 .
476 2805 484 2812 .
506 2805 513 2812 .
534 2786 619 2814 aut:
650 2782 706 2814 the
728 2786 825 2814 stress
846 2782 907 2815 lies
929 2793 1019 2824 upon

261 2823 317 2856 the
332 2824 398 2856 first
413 2824 535 2863 clause,
548 2824 675 2867 though
690 2826 952 2867 grammatically
963 2826 1019 2858 the

261 2868 482 2900 construction
506 2867 544 2899 of
565 2868 621 2900 the
643 2869 764 2901 second
787 2869 816 2901 is
838 2869 894 2902 the
916 2879 1018 2910 same,

260 2911 336 2997 εἰῇ
356 2918 719 2989 {iziz-commovetur:
744 2956 790 2988 ‘is
800 2960 859 2988 not
871 2954 1018 2995 shaken‚’

1142 1447 1190 1471 11.
1216 1439 1306 1471 en'tis
1326 1439 1438 1470 animo
1453 1438 1509 1470 Η.
1533 1437 1647 1470 animo
1661 1437 1757 1470 m'tis
1771 1436 1842 1469 rell.

1213 1491 1262 1522 13.
1285 1492 1355 1521 vos,
1372 1493 1449 1515 vos:
1473 1491 1528 1513 vos
1545 1481 1583 1512 F..

1090 1570 1132 1602 cf.
1158 1570 1234 1602 Clu.
1255 1577 1325 1612 137,
1350 1570 1464 1602 Plane.
1483 1569 1534 1611 76.
1579 1570 1738 1603 Movetur
1751 1584 1780 1597 ==
1801 1570 1848 1604 ‘is

1090 1618 1148 1645 not
1171 1614 1334 1654 touched,’
1352 1615 1391 1646 cf.
1416 1618 1432 1653 §
1456 1623 1508 1655 34,
1524 1613 1598 1646 Cat.
1622 1614 1667 1646 iv.
1689 1623 1719 1654 3.
1763 1613 1796 1646 It
1818 1614 1846 1646 is

1090 1667 1180 1689 more
1210 1657 1312 1699 likely
1340 1658 1412 1689 that
1442 1657 1497 1689 the
1531 1656 1650 1700 simple
1678 1657 1759 1689 verb
1787 1657 1848 1692 has

1090 1701 1171 1732 been
1187 1701 1383 1733 substituted
1403 1701 1453 1732 for
1473 1700 1528 1733 the
1548 1700 1748 1743 compound,
1765 1701 1846 1734 than

1089 1744 1157 1776 vice
1171 1755 1287 1776 versa:
1311 1744 1350 1777 cf.
1368 1747 1383 1782 5
1404 1743 1443 1775 16
1459 1754 1493 1776 n.

1133 1797 1163 1829 9.
1187 1793 1364 1820 mortem:
1389 1787 1456 1819 loss
1471 1787 1509 1819 of
1519 1790 1625 1819 status
1638 1788 1684 1830 by
1694 1788 1847 1820 condem-

1088 1831 1200 1904 natiion
1221 1831 1249 1862 is
1270 1830 1439 1863 identified
1459 1830 1542 1863 with
1561 1831 1673 1871 death,
1693 1831 1735 1864 cf.
1757 1836 1773 1871 ᾗ
1793 1841 1847 1874 59,

1087 1884 1127 1905 an
1170 1877 1186 1912 5
1203 1883 1220 1915 5
1239 1885 1273 1906 n.

1136 1926 1185 1950 10.
1210 1921 1264 1949 sit
1279 1930 1287 1950 :
1309 1917 1349 1950 cf.
1365 1918 1458 1949 Fam.
1474 1917 1518 1950 vi.
1538 1925 1566 1950 1.
1582 1928 1604 1960 4
1621 1918 1728 1950 simus
1746 1918 1849 1960 igitur

1089 1971 1125 1992 ea
1149 1965 1266 1999 mente,
1287 1961 1353 1992 and
1379 1960 1430 1993 sor
1455 1961 1511 1992 the
1534 1966 1700 2000 structure,
1727 1963 1789 1994 Ac.
1811 1961 1848 1993 ii.

1091 2006 1133 2036 80
1151 2004 1197 2035 sz't
1219 2004 1272 2036 hic
1295 2004 1429 2046 quidem
1451 2004 1614 2036 maiorum
1636 2005 1776 2038 similis:
1805 2007 1847 2036 tu

1089 2058 1248 2122 ῗέζξοϊς
1268 2048 1331 2123 ἵέξ
1350 2048 1680 2123 wernsing
1689 2095 1725 2124 t
1739 2048 1845 2124 {3:323

1091 2145 1127 2166 as
1149 2115 1203 2165 hzic
1223 2116 1258 2166 to
1273 2115 1340 2166 νος.
1383 2135 1457 2166 The
1475 2101 1603 2166 varialiit
1618 2134 1674 2167 sed
1685 2134 1790 2177 yields
1805 2115 1848 2167 axi

1090 2178 1220 2219 equally
1244 2178 1334 2219 good
1355 2188 1469 2210 sense:
1508 2178 1549 2210 cf.
1575 2177 1626 2210 for
1651 2179 1708 2211 the
1731 2178 1847 2220 ellipse

1090 2221 1188 2253 Tusc.
1212 2221 1255 2252 D
1276 2222 1298 2252 i.
1323 2228 1364 2262 7ο
1379 2221 1436 2253 sed
1446 2221 1529 2253 alias
1551 2221 1611 2253 ubi
1633 2221 1676 2254 sit
1697 2222 1846 2255 animus.

1091 2269 1175 2296 certe
1187 2239 1344 2306 quidem‘'
1335 2274 1369 2296 1n
1385 2269 1421 2296 te
1425 2270 1483 2303 est,
1496 2265 1560 2296 and
1572 2265 1644 2296 Fin.
1654 2265 1678 2298 i.
1694 2266 1743 2298 18.
1766 2265 1847 2297 Pos-

1091 2307 1175 2349 sibly
1188 2308 1305 2340 Cicero
1317 2312 1419 2340 wrote
1430 2308 1487 2339 sed
1497 2309 1553 2346 sit,
1568 2308 1608 2340 cf.
1621 2308 1713 2341 Att.'
1703 2318 1746 2340 ix.
1762 2317 1812 2349 13.
1825 2307 1846 2340 6

1089 2351 1146 2382 sed
1156 2351 1227 2382 sint
1246 2351 1396 2392 quamvis
1417 2351 1508 2390 boni,
1525 2352 1604 2383 Nat.
1619 2352 1662 2384 D.
1679 2352 1714 2384 ii.
1729 2359 1772 2394 47
1793 2351 1851 2383 sed

1089 2394 1159 2425 sint
1181 2394 1244 2426 ista
1271 2394 1469 2436 pulchriora,
1493 2394 1570 2426 Div.
1594 2394 1616 2427 i.
1640 2394 1684 2426 60
1704 2395 1763 2427 scd
1776 2395 1848 2427 sint

1088 2437 1170 2469 falsa
1181 2438 1342 2479 quaedam
1354 2449 1362 2470 :
1386 2443 1501 2470 contra
1509 2448 1586 2470 vera
1595 2437 1674 2480 quid
1685 2437 1847 2471 dicimus?

1089 2481 1134 2512 ib.
1148 2481 1183 2513 ii.
1195 2490 1237 2522 49
1252 2481 1309 2513 sed
1320 2481 1364 2513 sit
1379 2481 1443 2514 hoc
1458 2480 1581 2518 fictum,
1596 2482 1697 2524 quid?
1736 2482 1798 2514 Ac.
1810 2482 1846 2515 ii.

1091 2530 1162 2565 117.

1135 2576 1184 2598 11.
1208 2570 1321 2599 oritis
1347 2570 1490 2599 animo:
1524 2568 1674 2610 possibly
1695 2579 1715 2600 a
1741 2569 1847 2601 better

1088 2610 1183 2642 order
1205 2610 1284 2642 than
1310 2621 1424 2642 ammo
1449 2611 1525 2644 erit.
1551 2621 1588 2643 as
1611 2612 1768 2655 avoiding
1789 2611 1846 2644 the

1086 2654 1194 2728 hiatus
1210 2653 1364 2695 (Quintil.
1380 2654 1423 2685 ix.
1441 2663 1471 2695 4.
1488 2654 1556 2695 33).

1177 2700 1305 2729 ‚hano
1333 2700 1539 2730 viantem.
1578 2708 1616 2730 so
1646 2698 1720 2731 infr.
1749 2702 1846 2730 tanta

1086 2740 1208 2772 virtus.
1258 2740 1310 2772 Cf.
1331 2740 1373 2772 de
1393 2740 1449 2773 Or.
1473 2741 1519 2773 iii.
1545 2749 1559 2772 1
1579 2742 1641 2774 illa
1658 2742 1771 2774 virtus
1785 2765 1793 2773 .
1809 2765 1817 2773 .
1836 2766 1844 2774 .

1086 2787 1191 2815 morte
1206 2784 1362 2815 exstincta
1377 2789 1436 2816 est.

1132 2836 1182 2867 13.
1204 2830 1437 2864 procreavit:
1473 2827 1591 2860 Cicero
1614 2827 1760 2860 includes
1782 2827 1844 2860 La-

1086 2871 1230 2906 nuvium,
1246 2870 1303 2902 the
1318 2870 1428 2902 actual
1444 2870 1625 2913 birthplace
1641 2871 1680 2903 of
1695 2871 1794 2909 Milo,
1811 2871 1844 2903 in

1085 2913 1140 2945 the
1161 2913 1270 2955 larger
1287 2913 1564 2947 commonwealth
1584 2913 1622 2947 of
1640 2915 1766 2948 Rome:
1802 2913 1844 2947 cf.

1085 2957 1164 2999 Leg.
1184 2957 1218 2989 ii.
1236 2967 1266 2999 5.
