1942 3236
245 216 305 260 68
714 215 775 257 M.
824 213 1016 269 TULLI
1052 210 1393 256 CICERONIS

246 334 353 376 urbe
374 332 716 386 conscripturum
736 311 883 378 luisse,
907 342 984 383 per
1005 341 1116 382 quos
1141 332 1284 369 totam
1313 339 1405 368 rem
1434 323 1654 380 publicam
1680 336 1836 378 resque

246 404 438 458 privatas
460 401 654 443 omnium
677 399 952 454 possideret?

304 471 451 526 Quam
473 470 530 510 ob
553 483 656 519 rem,
670 469 704 509 si
720 473 949 509 cruentum
967 465 1161 519 gladium
1177 471 1331 507 tenens
1344 463 1551 505 clamaret
1563 461 1616 504 T.
1634 459 1834 503 Annius:

246 540 452 589 ‘Adeste
492 551 666 593 quaeso,
708 543 840 590 atque
879 535 1041 583 audite,
1083 534 1225 585 cives;
1277 533 1321 574 P.
1363 531 1569 574 Clodium
1613 529 1833 580 interfeci;

246 609 335 651 eius
368 608 543 657 furores,
575 620 685 660 quos
719 605 846 646 nullis
875 605 962 645 iam
994 602 1173 657 legibus,
1201 601 1329 643 nullis
1360 599 1530 642 iudiciis
1558 599 1726 641 frenare
1754 611 1834 652 po-
1853 614 1871 647 5
1932 627 1942 644 .

245 685 450 725 teramus,
486 676 568 717 hoc
600 674 712 716 ferro
742 680 787 716 et
823 673 905 714 hac
936 673 1119 714 dextera
1149 686 1176 713 a
1205 669 1444 712 cervicibus
1473 667 1627 711 vestris
1655 665 1837 722 reppuli,

245 760 322 801 per
359 759 430 787 me
467 750 515 786 ut
550 757 686 784 unum
725 743 791 784 ius
826 742 1036 797 aequitas,
1074 740 1192 794 leges
1230 739 1419 789 libertas,
1449 738 1592 792 pudor
1627 736 1837 790 pudicitia

246 812 467 862 maneret,’
500 818 614 854 esset
644 825 748 853 vero
779 811 1037 861 timendum,
1059 822 1250 863 quonam
1280 808 1412 849 modo
1438 806 1482 848 id
1509 806 1640 848 ferret
1660 805 1834 848 civitas!

245 884 373 924 Nunc
406 882 520 924 enim
551 880 649 935 quis
679 886 759 931 est,
789 880 864 933 qui
894 892 983 920 non
1019 878 1185 932 probet,
1215 877 1290 932 qui
1327 890 1416 918 non
1451 875 1612 923 laudet,
1642 874 1718 929 qui
1746 886 1836 916 non

244 966 379 993 unum
425 957 525 1005 post
570 949 800 991 hominum
843 948 1101 989 memoriam
1148 947 1201 988 T.
1247 945 1447 987 Annium
1492 943 1728 999 plurimum
1773 942 1897 985 reim

243 1020 444 1075 publicae
475 1019 697 1073 profuisse,
730 1017 928 1058 maxima
959 1016 1128 1057 laetitia
1166 1014 1379 1069 populum
1412 1014 1679 1064 Romanum,
1708 1025 1836 1054 cunc-

243 1096 335 1131 tam
367 1088 554 1135 Italiam,
578 1087 776 1128 nationes
797 1099 949 1127 omnes
972 1084 1184 1126 adfecisse
1206 1090 1251 1125 et
1273 1083 1392 1125 dicat
1414 1089 1459 1124 et
1478 1082 1669 1124 sentiat?
1730 1080 1835 1122 Non

243 1171 358 1211 queo
378 1164 526 1198 vetera
547 1155 621 1196 illa
642 1155 793 1209 populi
823 1154 1015 1195 Romani
1043 1153 1204 1208 gaudia
1235 1157 1400 1206 quanta
1430 1151 1590 1193 fuerint
1616 1149 1835 1201 iudicare;

244 1226 403 1267 multas
424 1231 572 1267 tamen
595 1225 682 1265 iam
713 1236 985 1265 summorum
1016 1223 1330 1277 imperatorum
1358 1220 1613 1263 clarissimas
1632 1219 1836 1262 victorias

243 1300 365 1336 aetas
387 1300 534 1335 nostra
556 1293 678 1343 vidit,
700 1305 883 1347 quarum
911 1291 1032 1333 nulla
1064 1305 1204 1345 neque
1229 1297 1321 1332 tam
1349 1289 1601 1332 diuturnam
1622 1287 1834 1330 laetitiam
1856 1304 1894 1337 15

176 1373 224 1405 78
243 1362 391 1405 attulit
431 1376 511 1403 nec
550 1367 735 1403 tantam.
796 1361 1010 1402 Mandate
1050 1359 1133 1401 hoc
1173 1359 1423 1410 memoriae,
1459 1357 1635 1399 iudices.
1675 1355 1836 1435 Spero

243 1431 382 1473 multa
413 1445 492 1472 vos
524 1430 771 1483 liberosque
803 1435 972 1470 vestros
1008 1429 1051 1469 in
1085 1442 1129 1471 re
1163 1428 1338 1482 publica
1372 1428 1489 1469 bona
1523 1439 1619 1475 esse
1645 1426 1837 1478 visur9s3

240 1501 283 1541 in
324 1501 379 1542 zis
419 1499 600 1554 singulis
642 1499 703 1539 ita
743 1511 918 1552 semper
956 1497 1277 1546 existimabitis,
1313 1496 1414 1538 vivo
1454 1495 1501 1538 P.
1539 1493 1697 1537 Clodio
1730 1494 1836 1537 nihil

241 1582 390 1611 eorum
432 1582 511 1609 vos
546 1566 915 1633 Qquffisf„
965 1567 1016 1607 In
1058 1579 1184 1621 spem
1226 1565 1469 1606 maximam
1509 1570 1565 1615 et,
1602 1577 1735 1619 quem
1776 1563 1834 1606 ad

241 1638 423 1679 modum
447 1636 632 1687 confido,
658 1627 930 1677 verissimam
952 1649 1102 1677 sumus
1124 1635 1316 1684 adducti,
1338 1634 1454 1675 hunc
1484 1634 1628 1688 ipsum
1659 1646 1835 1683 annum,
1858 1652 1903 1683 20·

240 1705 323 1747 hoc
353 1719 526 1747 summo
562 1705 656 1748 viro
689 1704 878 1755 consule,
915 1717 1166 1757 compressa
1197 1703 1425 1744 hominum
1459 1701 1644 1751 licentia,
1671 1701 1838 1756 cupidi-

239 1775 406 1816 tatibus
429 1774 674 1823 confractis,
696 1773 862 1827 legibus
883 1778 927 1814 et
949 1773 1118 1814 iudiciis
1137 1772 1395 1822 constitutis,
1415 1770 1651 1812 salutarem
1673 1770 1838 1813 civitati

182 476 227 509 7¹7

284 1877 312 1911 7.
337 1870 376 1901 in
402 1870 535 1901 civitate
565 1869 640 1900 add.
672 1869 719 1901 H.
746 1873 822 1900 ante
852 1869 943 1909 leges,
968 1868 996 1899 E
1023 1871 1100 1910 post
1127 1869 1217 1909 leges,
1241 1868 1290 1899 Τδ
1321 1872 1398 1900 ante
1424 1868 1591 1899 maneret:
1624 1876 1688 1908 ego
1717 1866 1834 1900 delevi.

239 1913 268 1945 8.
293 1918 465 1944 manerent
481 1923 528 1952 σς,
546 1913 662 1944 Halm.
735 1921 784 1944 12.
809 1912 965 1943 adfecisse
977 1916 1011 1943 et
1029 1912 1102 1943 Ηδ.
1126 1912 1281 1954 afflcz'sset
1297 1912 1346 1949 E;
1369 1910 1575 1953 adfeczsseT.
1670 1918 1722 1950 15.
1745 1909 1837 1943 laeti-

238 1957 318 1988 tiam
334 1956 444 1988 attulit
463 1957 519 1986 H
513 1980 519 1987 .
543 1955 661 1987 attulzt
675 1955 838 1987 laetztiam
855 1955 925 1987 rell.
1047 1961 1095 1996 17.
1121 1955 1154 1986 in
1170 1965 1203 1986 re
1219 1965 1251 1996 p
1268 1955 1356 1986 bona
1373 1954 1449 1988 Ηδ.
1473 1955 1511 1986 in
1527 1964 1562 1986 re
1577 1957 1615 1996 p.
1632 1953 1742 1985 multa
1755 1953 1837 1986 bona

238 2000 313 2031 TW
328 2011 335 2036 ;
361 2000 399 2030 in
414 2004 493 2041 rep.
510 2004 618 2031 vestra
634 1999 761 2030 bonaE
764 2023 772 2030 .
921 1999 968 2029 18.
993 1998 1043 2036 iis,
1060 1999 1194 2030 Garat.·
1188 2023 1195 2031 .
1219 1998 1273 2030 his
1288 1998 1384 2030 codd.
1545 2005 1595 2028 21.
1617 1997 1683 2029 hoc
1701 1997 1757 2030 H:
1780 1997 1837 2030 hoc

238 2044 305 2085 z'JJso
321 2043 393 2074 rell.
538 2052 587 2074 22.
613 2042 788 2074 confractis
806 2042 860 2073 H:
873 2041 1000 2083 fractis
1017 2041 1086 2074 rell.

1074 2128 1223 2170 Quintil!
1241 2128 1429 2171 [Landgraf
1439 2139 1480 2160 on
1498 2129 1596 2161 Rosc.
1613 2129 1690 2160 Am.
1707 2127 1776 2170 30].

1117 2173 1147 2203 8.
1169 2177 1360 2204 maneret:
1386 2173 1403 2203 1
1424 2172 1563 2213 exclude
1583 2173 1622 2204 in
1644 2172 1778 2204 civitate
1799 2182 1835 2205 as

1072 2226 1092 2247 a
1121 2215 1221 2256 gloss,
1253 2215 1415 2257 probably
1444 2215 1633 2248 introduced
1663 2215 1748 2247 from
1777 2215 1834 2247 the

1072 2263 1148 2290 next
1171 2259 1246 2297 line,
1272 2259 1311 2290 z'd
1318 2259 1432 2301 ferret
1456 2259 1584 2291 civitas.
1629 2259 1716 2290 Both
1738 2259 1772 2291 in
1797 2259 1832 2290 H

1071 2302 1136 2332 and
1152 2303 1184 2333 in
1207 2303 1235 2333 E
1258 2303 1284 2334 it
1307 2302 1335 2334 is
1358 2302 1454 2343 given
1477 2302 1510 2333 in
1533 2313 1552 2333 a
1574 2301 1668 2344 place
1685 2302 1792 2334 where
1807 2303 1833 2334 it

1070 2345 1140 2376 will
1158 2350 1216 2377 not
1234 2350 1393 2384 construe,
1410 2344 1507 2377 while
1530 2345 1561 2377 T
1584 2356 1620 2377 as
1641 2345 1736 2377 usual
1755 2356 1831 2378 con·

238 2130 317 2172 only
340 2135 375 2161 to
406 2130 460 2161 the
492 2130 668 2168 freedmen,
694 2130 752 2160 but
779 2140 859 2161 even
887 2134 922 2161 to
949 2129 1005 2160 the

237 2173 353 2212 slaves,
381 2185 409 2205 e.
421 2184 453 2214 g.
485 2173 558 2205 Cat.
584 2174 627 2204 iv.
661 2172 709 2209 16,
742 2180 779 2214 17
810 2183 927 2204 servus
956 2177 1004 2205 est

237 2227 345 2253 nemo,
363 2217 419 2258 qui
435 2217 535 2248 modo
558 2216 725 2248 tolerabili
748 2217 935 2248 conditione
961 2217 1003 2247 sit

237 2261 401 2292 servitutis
421 2283 428 2291 .
446 2283 453 2291 .
472 2283 479 2290 .
503 2261 559 2302 qui
582 2271 647 2291 non
669 2259 750 2291 haec
773 2264 858 2291 stare
881 2260 999 2300 cupiat.

237 2303 331 2334 Nulli
354 2307 428 2334 sunt
452 2302 585 2341 inventi,
610 2303 664 2344 qui
689 2313 754 2343 non
778 2303 885 2344 ipsum
908 2303 1003 2334 illum

236 2346 338 2378 sellae
360 2352 458 2387 atque
481 2347 590 2388 operis
612 2352 643 2378 et
668 2351 820 2388 quaestus
844 2346 1002 2377 cotidiani

236 2390 348 2421 locum
376 2389 502 2420 salvum
527 2400 597 2421 esse
622 2389 746 2421 velint:
778 2390 858 2431 Leg.
886 2389 934 2420 iii.
962 2398 1000 2429 25

236 2433 308 2474 quis
338 2433 424 2464 enim
454 2443 520 2463 non
551 2432 653 2464 modo
682 2433 775 2471 liber,
804 2433 860 2464 sed
887 2442 1002 2463 servus

235 2476 385 2508 libertate
402 2476 520 2517 dignus
536 2476 604 2514 fuit,
618 2476 670 2507 cui
690 2481 801 2507 nostra
817 2476 905 2507 salus
926 2486 1001 2507 cara

234 2530 299 2551 non
315 2521 420 2551 esset?
467 2520 497 2551 It
519 2518 547 2550 is
566 2519 727 2551 therefore
746 2519 908 2561 probable
930 2519 1000 2551 that

235 2563 319 2594 their
334 2562 519 2594 anarchical
535 2562 719 2595 tendencies
735 2573 789 2594 are
809 2563 885 2594 here
900 2572 998 2603 exag-

234 2606 377 2647 gerated.

281 2658 309 2681 1.
332 2652 639 2686 conscripturum
656 2659 662 2680 :
686 2648 727 2680 cf.
746 2650 762 2686 ξ
783 2658 820 2689 25
838 2659 874 2679 n.

277 2691 309 2723 6.
332 2696 562 2724 cervicibus:
603 2692 679 2724 ‘the
709 2692 795 2734 plur.
819 2692 847 2723 is
877 2691 999 2732 always

234 2735 314 2766 used
336 2736 380 2776 by
404 2736 532 2767 Cicero.
578 2735 697 2774 Varro,
722 2736 760 2766 L.
787 2735 827 2766 L.
850 2735 918 2766 viii.
944 2743 995 2775 14,

234 2788 308 2819 says
327 2779 398 2810 that
415 2779 469 2810 the
484 2779 567 2820 sing.
589 2789 657 2810 was
673 2778 740 2809 first
757 2778 935 2820 employed
956 2779 999 2819 by

234 2822 431 2853 Hortensius
448 2823 479 2853 in
497 2833 516 2852 a
533 2832 640 2864 poem.
686 2822 724 2852 In
737 2822 819 2863 Livy
836 2822 890 2853 the
914 2823 998 2862 sing.

233 2864 261 2896 is
285 2865 363 2896 used
389 2865 425 2896 of
446 2875 509 2896 one
533 2875 660 2906 person,
686 2864 750 2896 and
773 2865 829 2897 the
852 2864 937 2906 plur.
964 2864 1002 2896 of

232 2908 367 2939 several.
413 2908 485 2940 The
509 2909 592 2949 sing.
616 2908 644 2939 is
662 2908 718 2939 the
741 2908 834 2939 usual
856 2908 941 2939 form
964 2908 998 2939 in

232 2951 328 2984 silver
343 2951 452 2990 Latin,
469 2962 497 2983 e.
507 2962 541 2992 g.
556 2951 583 2983 it
603 2951 631 2983 is
651 2951 728 2983 used
745 2951 940 2992 exclusively
955 2952 999 2993 by

1070 2389 1158 2420 ceals
1173 2389 1229 2420 the
1245 2388 1443 2431 corruption.
1489 2389 1555 2420 For
1563 2389 1619 2421 the
1631 2388 1831 2421 alliteration

1069 2432 1110 2463 cf.
1128 2436 1143 2470 ξ
1162 2443 1181 2471 o
1199 2443 1255 2468 n.;
1285 2432 1351 2463 and
1373 2433 1424 2464 sor
1441 2431 1497 2464 the
1519 2432 1602 2474 sing.
1625 2432 1664 2464 of
1678 2432 1738 2465 ohe
1752 2433 1830 2464 verb

1070 2475 1135 2506 Off.
1145 2475 1190 2507 iii.
1205 2477 1243 2506 28
1257 2486 1322 2516 qua
1332 2475 1462 2507 sublata
1475 2475 1699 2512 beneficentia,
1711 2475 1829 2507 libem-

1069 2517 1155 2556 litas,
1188 2519 1329 2558 bonitas,
1358 2518 1483 2550 iustitia
1515 2518 1660 2550 funditus
1689 2518 1827 2558 tollitur,

1068 2562 1162 2593 Orat.
1179 2562 1290 2594 Partit.
1307 2570 1362 2603 90,
1380 2562 1518 2602 Dr'ager,
1537 2564 1553 2600 5
1574 2570 1646 2593 102.

1115 2614 1165 2636 12.
1187 2615 1262 2636 non
1295 2615 1409 2643 queo:
1457 2605 1575 2637 Cicero
1605 2604 1728 2646 always
1755 2615 1828 2637 uses

1066 2647 1132 2679 this
1145 2648 1228 2680 form
1240 2648 1278 2680 of
1288 2649 1343 2679 the
1356 2653 1405 2680 rst
1421 2658 1505 2690 pers.
1516 2649 1610 2689 sing„
1623 2654 1681 2680 not
1696 2658 1826 2690 nequeo.

1114 2690 1163 2722 16.
1200 2695 1270 2723 hoo
1287 2703 1296 2723 τ
1342 2701 1387 2724 sc.
1425 2692 1480 2724 the
1517 2691 1684 2723 reflection
1717 2691 1826 2724 which

1065 2734 1206 2766 follows.

1113 2787 1164 2809 20.
1186 2782 1286 2810 huno
1314 2781 1443 2816 ipsum
1467 2787 1618 2817 annum,
1640 2781 1709 2810 Ιιοο
1741 2801 1749 2809 .
1780 2801 1788 2809 .
1817 2801 1825 2809 .

1065 2824 1171 2853 viro:
1202 2822 1254 2852 for
1282 2821 1338 2853 the
1364 2821 1521 2853 omission
1547 2822 1586 2854 of
1611 2822 1679 2863 ipso
1706 2821 1739 2852 in
1768 2821 1824 2853 the

1065 2864 1186 2896 second
1209 2864 1318 2896 clause
1341 2865 1382 2896 cf.
1406 2865 1481 2896 Clu.
1501 2873 1561 2905 130
1584 2865 1642 2896 illo
1660 2865 1728 2907 z'jvso
1742 2868 1824 2896 tem—

1065 2918 1154 2949 pore,
1173 2908 1243 2939 illis
1257 2908 1455 2940 censoribus.

1111 2960 1161 2982 21.
1185 2961 1325 2989 compr.
1349 2974 1358 2983 .
1383 2975 1391 2983 .
1419 2975 1427 2983 .
1452 2954 1569 2984 court.
1594 2974 1602 2983 .
1627 2974 1635 2983 .
1660 2955 1820 2983 ,σοιιιι

1929 3143 1942 3236 axx-...mih
