<?xml version="1.0" encoding="UTF-8"?>
<!DOCTYPE html PUBLIC "-//W3C//DTD XHTML 1.0 Transitional//EN"
    "http://www.w3.org/TR/xhtml1/DTD/xhtml1-transitional.dtd">
<html xmlns="http://www.w3.org/1999/xhtml" xml:lang="en" lang="en">
 <head>
  <title>
</title>
<meta http-equiv="Content-Type" content="text/html;charset=utf-8" />
  <meta name='ocr-system' content='tesseract 3.04.00' />
  <meta name='ocr-capabilities' content='ocr_page ocr_carea ocr_par ocr_line ocrx_word'/>
</head>
<body>
  <div class='ocr_page' id='page_1' title='image "./protanniomilonea00ciceuoft/protanniomilonea00ciceuoft_0168.png"; bbox 0 0 1942 3236; ppageno 0'>
   <div class='ocr_carea' id='block_1_1' title="bbox 165 733 208 763">
    <p class='ocr_par' dir='ltr' id='par_1_1' title="bbox 165 733 208 763">
     <span class='ocr_line' id='line_1_1' title="bbox 165 733 208 763; baseline 0 0"><span class='ocrx_word' id='word_1_1' title='bbox 165 733 208 763; x_wconf 84' lang='lat'>31</span> 
     </span>
    </p>
   </div>
   <div class='ocr_carea' id='block_1_2' title="bbox 657 698 1390 765">
    <p class='ocr_par' dir='ltr' id='par_1_2' title="bbox 657 698 1390 765">
     <span class='ocr_line' id='line_1_2' title="bbox 657 698 1390 765; baseline -0.008 0"><span class='ocrx_word' id='word_1_2' title='bbox 657 702 859 765; x_wconf 86' lang='lat' dir='ltr'>PRO</span> <span class='ocrx_word' id='word_1_3' title='bbox 938 698 1390 762; x_wconf 87' lang='lat' dir='ltr'>MILONE</span> 
     </span>
    </p>
   </div>
   <div class='ocr_carea' id='block_1_3' title="bbox 250 876 1797 926">
    <p class='ocr_par' dir='ltr' id='par_1_3' title="bbox 250 876 1797 926">
     <span class='ocr_line' id='line_1_3' title="bbox 250 876 1797 926; baseline -0.003 -10"><span class='ocrx_word' id='word_1_4' title='bbox 250 884 458 926; x_wconf 86' lang='lat' dir='ltr'>[Deviations</span> <span class='ocrx_word' id='word_1_5' title='bbox 473 884 556 916; x_wconf 87' lang='lat' dir='ltr'>from</span> <span class='ocrx_word' id='word_1_6' title='bbox 571 883 627 916; x_wconf 86' lang='lat' dir='ltr'>the</span> <span class='ocrx_word' id='word_1_7' title='bbox 642 888 710 915; x_wconf 83' lang='lat' dir='ltr'><strong>text</strong></span> <span class='ocrx_word' id='word_1_8' title='bbox 726 883 762 915; x_wconf 81' lang='lat' dir='ltr'>of</span> <span class='ocrx_word' id='word_1_9' title='bbox 774 882 942 924; x_wconf 85' lang='lat' dir='ltr'>Kiessling</span> <span class='ocrx_word' id='word_1_10' title='bbox 958 881 1023 913; x_wconf 88' lang='lat' dir='ltr'>and</span> <span class='ocrx_word' id='word_1_11' title='bbox 1039 880 1152 913; x_wconf 71' lang='lat' dir='ltr'>Scholl</span> <span class='ocrx_word' id='word_1_12' title='bbox 1167 891 1221 913; x_wconf 89' lang='lat' dir='ltr'>are</span> <span class='ocrx_word' id='word_1_13' title='bbox 1236 879 1393 913; x_wconf 85' lang='lat' dir='ltr'>recorded</span> <span class='ocrx_word' id='word_1_14' title='bbox 1408 880 1441 912; x_wconf 90' lang='lat' dir='ltr'>in</span> <span class='ocrx_word' id='word_1_15' title='bbox 1458 879 1515 912; x_wconf 87' lang='lat' dir='ltr'>the</span> <span class='ocrx_word' id='word_1_16' title='bbox 1530 878 1656 912; x_wconf 85' lang='lat' dir='ltr'>critical</span> <span class='ocrx_word' id='word_1_17' title='bbox 1674 876 1797 920; x_wconf 66' lang='lat' dir='ltr'>notes]</span> 
     </span>
    </p>
   </div>
   <div class='ocr_carea' id='block_1_4' title="bbox 231 1035 1825 1232">
    <p class='ocr_par' dir='ltr' id='par_1_4' title="bbox 231 1035 1825 1232">
     <span class='ocr_line' id='line_1_4' title="bbox 290 1035 1823 1094; baseline -0.002 -14"><span class='ocrx_word' id='word_1_18' title='bbox 290 1040 440 1082; x_wconf 90' lang='lat' dir='ltr'>HANC</span> <span class='ocrx_word' id='word_1_19' title='bbox 474 1038 764 1094; x_wconf 77' lang='lat' dir='ltr'>(orationem)</span> <span class='ocrx_word' id='word_1_20' title='bbox 796 1039 910 1080; x_wconf 82' lang='lat' dir='ltr'>dixit</span> <span class='ocrx_word' id='word_1_21' title='bbox 944 1037 1022 1080; x_wconf 88' lang='lat' dir='ltr'>Cn.</span> <span class='ocrx_word' id='word_1_22' title='bbox 1055 1038 1268 1092; x_wconf 91' lang='lat' dir='ltr'>Pompeio</span> <span class='ocrx_word' id='word_1_23' title='bbox 1295 1037 1366 1079; x_wconf 95' lang='lat' dir='ltr'>III</span> <span class='ocrx_word' id='word_1_24' title='bbox 1393 1050 1480 1080; x_wconf 89' lang='lat' dir='ltr'>cos.</span> <span class='ocrx_word' id='word_1_25' title='bbox 1509 1051 1547 1079; x_wconf 92' lang='lat' dir='ltr'>a.</span> <span class='ocrx_word' id='word_1_26' title='bbox 1569 1038 1612 1079; x_wconf 93' lang='lat' dir='ltr'>d.</span> <span class='ocrx_word' id='word_1_27' title='bbox 1634 1036 1738 1078; x_wconf 91' lang='lat' dir='ltr'>VII</span> <span class='ocrx_word' id='word_1_28' title='bbox 1755 1035 1823 1078; x_wconf 90' lang='lat' dir='ltr'>Id.</span> 
     </span>
     <span class='ocr_line' id='line_1_5' title="bbox 231 1105 1824 1163; baseline -0.002 -14"><span class='ocrx_word' id='word_1_29' title='bbox 231 1109 373 1162; x_wconf 89' lang='lat' dir='ltr'>April.</span> <span class='ocrx_word' id='word_1_30' title='bbox 432 1108 565 1163; x_wconf 77' lang='lat' dir='ltr'>Quod</span> <span class='ocrx_word' id='word_1_31' title='bbox 596 1108 802 1150; x_wconf 87' lang='lat' dir='ltr'>iudicium</span> <span class='ocrx_word' id='word_1_32' title='bbox 834 1121 933 1149; x_wconf 89' lang='lat' dir='ltr'>cum</span> <span class='ocrx_word' id='word_1_33' title='bbox 964 1114 1175 1161; x_wconf 86' lang='lat' dir='ltr'>ageretur,</span> <span class='ocrx_word' id='word_1_34' title='bbox 1211 1106 1455 1148; x_wconf 86' lang='lat' dir='ltr'>exercitum</span> <span class='ocrx_word' id='word_1_35' title='bbox 1490 1106 1534 1147; x_wconf 84' lang='lat' dir='ltr'>in</span> <span class='ocrx_word' id='word_1_36' title='bbox 1569 1105 1664 1148; x_wconf 88' lang='lat' dir='ltr'>foro</span> <span class='ocrx_word' id='word_1_37' title='bbox 1698 1110 1743 1146; x_wconf 91' lang='lat' dir='ltr'>et</span> <span class='ocrx_word' id='word_1_38' title='bbox 1779 1105 1824 1146; x_wconf 92' lang='lat' dir='ltr'>in</span> 
     </span>
     <span class='ocr_line' id='line_1_6' title="bbox 232 1172 1825 1232; baseline -0.003 -13"><span class='ocrx_word' id='word_1_39' title='bbox 232 1178 435 1219; x_wconf 90' lang='lat' dir='ltr'>omnibus</span> <span class='ocrx_word' id='word_1_40' title='bbox 474 1176 651 1232; x_wconf 88' lang='lat' dir='ltr'>templis</span> <span class='ocrx_word' id='word_1_41' title='bbox 687 1190 799 1231; x_wconf 90' lang='lat' dir='ltr'>quae</span> <span class='ocrx_word' id='word_1_42' title='bbox 839 1175 999 1218; x_wconf 86' lang='lat' dir='ltr'>circum</span> <span class='ocrx_word' id='word_1_43' title='bbox 1036 1175 1178 1217; x_wconf 91' lang='lat' dir='ltr'>forum</span> <span class='ocrx_word' id='word_1_44' title='bbox 1221 1180 1323 1217; x_wconf 90' lang='lat' dir='ltr'>sunt</span> <span class='ocrx_word' id='word_1_45' title='bbox 1365 1174 1631 1217; x_wconf 84' lang='lat' dir='ltr'>collocatum</span> <span class='ocrx_word' id='word_1_46' title='bbox 1674 1188 1700 1216; x_wconf 86' lang='lat' dir='ltr'>a</span> <span class='ocrx_word' id='word_1_47' title='bbox 1743 1172 1825 1216; x_wconf 88' lang='lat' dir='ltr'>Cn.</span> 
     </span>
    </p>
   </div>
   <div class='ocr_carea' id='block_1_5' title="bbox 234 1242 1863 1300">
    <p class='ocr_par' dir='ltr' id='par_1_5' title="bbox 234 1242 1863 1300">
     <span class='ocr_line' id='line_1_7' title="bbox 234 1242 1863 1300; baseline -0.001 -13"><span class='ocrx_word' id='word_1_48' title='bbox 234 1246 446 1300; x_wconf 90' lang='lat' dir='ltr'>Pompeio</span> <span class='ocrx_word' id='word_1_49' title='bbox 475 1246 603 1287; x_wconf 88' lang='lat' dir='ltr'>fuisse</span> <span class='ocrx_word' id='word_1_50' title='bbox 630 1259 717 1287; x_wconf 92' lang='lat' dir='ltr'>non</span> <span class='ocrx_word' id='word_1_51' title='bbox 742 1250 914 1286; x_wconf 87' lang='lat' dir='ltr'>tantum</span> <span class='ocrx_word' id='word_1_52' title='bbox 947 1258 1004 1285; x_wconf 87' lang='lat' dir='ltr'>ex</span> <span class='ocrx_word' id='word_1_53' title='bbox 1029 1244 1228 1286; x_wconf 86' lang='lat' dir='ltr'>oratione</span> <span class='ocrx_word' id='word_1_54' title='bbox 1258 1250 1302 1286; x_wconf 90' lang='lat' dir='ltr'>et</span> <span class='ocrx_word' id='word_1_55' title='bbox 1322 1243 1566 1294; x_wconf 82' lang='lat' dir='ltr'>annalibus,</span> <span class='ocrx_word' id='word_1_56' title='bbox 1590 1242 1824 1285; x_wconf 86' lang='lat' dir='ltr'>sedetiam</span> <span class='ocrx_word' id='word_1_57' title='bbox 1843 1252 1863 1286; x_wconf 84' lang='lat'><strong>5</strong></span> 
     </span>
    </p>
   </div>
   <div class='ocr_carea' id='block_1_6' title="bbox 234 1310 1825 1438">
    <p class='ocr_par' dir='ltr' id='par_1_6' title="bbox 234 1310 1825 1438">
     <span class='ocr_line' id='line_1_8' title="bbox 234 1310 1825 1368; baseline -0.001 -13"><span class='ocrx_word' id='word_1_58' title='bbox 234 1328 292 1355; x_wconf 88' lang='lat' dir='ltr'>ex</span> <span class='ocrx_word' id='word_1_59' title='bbox 322 1314 431 1356; x_wconf 91' lang='lat' dir='ltr'>libro</span> <span class='ocrx_word' id='word_1_60' title='bbox 466 1320 649 1368; x_wconf 87' lang='lat' dir='ltr'>apparet</span> <span class='ocrx_word' id='word_1_61' title='bbox 686 1314 760 1367; x_wconf 92' lang='lat' dir='ltr'>qui</span> <span class='ocrx_word' id='word_1_62' title='bbox 792 1313 1013 1355; x_wconf 85' lang='lat' dir='ltr'>Ciceronis</span> <span class='ocrx_word' id='word_1_63' title='bbox 1054 1313 1232 1354; x_wconf 89' lang='lat' dir='ltr'>nomine</span> <span class='ocrx_word' id='word_1_64' title='bbox 1273 1312 1522 1355; x_wconf 85' lang='lat' dir='ltr'>inscribitur</span> <span class='ocrx_word' id='word_1_65' title='bbox 1561 1313 1616 1354; x_wconf 92' lang='lat' dir='ltr'>de</span> <span class='ocrx_word' id='word_1_66' title='bbox 1652 1310 1825 1366; x_wconf 88' lang='lat' dir='ltr'>optimo</span> 
     </span>
     <span class='ocr_line' id='line_1_9' title="bbox 234 1390 657 1438; baseline 0 -14"><span class='ocrx_word' id='word_1_67' title='bbox 234 1397 393 1438; x_wconf 85' lang='lat' dir='ltr'>genere</span> <span class='ocrx_word' id='word_1_68' title='bbox 422 1390 657 1425; x_wconf 86' lang='lat' dir='ltr'>oratorum.</span> 
     </span>
    </p>
   </div>
   <div class='ocr_carea' id='block_1_7' title="bbox 719 1517 1345 1560">
    <p class='ocr_par' dir='ltr' id='par_1_7' title="bbox 719 1517 1345 1560">
     <span class='ocr_line' id='line_1_10' title="bbox 719 1517 1345 1560; baseline 0 -1"><span class='ocrx_word' id='word_1_69' title='bbox 719 1517 1090 1560; x_wconf 87' lang='lat' dir='ltr'>ARGUMENTUM</span> <span class='ocrx_word' id='word_1_70' title='bbox 1124 1526 1224 1559; x_wconf 91' lang='lat' dir='ltr'>HOC</span> <span class='ocrx_word' id='word_1_71' title='bbox 1254 1527 1345 1560; x_wconf 88' lang='lat' dir='ltr'>EST</span> 
     </span>
    </p>
   </div>
   <div class='ocr_carea' id='block_1_8' title="bbox 238 1618 1832 2087">
    <p class='ocr_par' dir='ltr' id='par_1_8' title="bbox 238 1618 1832 2087">
     <span class='ocr_line' id='line_1_11' title="bbox 298 1618 1830 1678; baseline -0.001 -17"><span class='ocrx_word' id='word_1_72' title='bbox 298 1620 409 1675; x_wconf 79' lang='lat' dir='ltr'>(T.)</span> <span class='ocrx_word' id='word_1_73' title='bbox 447 1620 623 1662; x_wconf 83' lang='lat' dir='ltr'>Annius</span> <span class='ocrx_word' id='word_1_74' title='bbox 655 1620 765 1662; x_wconf 91' lang='lat' dir='ltr'>Milo</span> <span class='ocrx_word' id='word_1_75' title='bbox 797 1626 841 1662; x_wconf 89' lang='lat' dir='ltr'>et</span> <span class='ocrx_word' id='word_1_76' title='bbox 873 1620 920 1661; x_wconf 90' lang='lat' dir='ltr'>P.</span> <span class='ocrx_word' id='word_1_77' title='bbox 952 1620 1149 1662; x_wconf 87' lang='lat' dir='ltr'>Plautius</span> <span class='ocrx_word' id='word_1_78' title='bbox 1183 1620 1422 1678; x_wconf 86' lang='lat' dir='ltr'>Hypsaeus</span> <span class='ocrx_word' id='word_1_79' title='bbox 1459 1626 1503 1663; x_wconf 93' lang='lat' dir='ltr'>et</span> <span class='ocrx_word' id='word_1_80' title='bbox 1535 1619 1590 1675; x_wconf 82' lang='lat' dir='ltr'>Q.</span> <span class='ocrx_word' id='word_1_81' title='bbox 1623 1618 1830 1662; x_wconf 84' lang='lat' dir='ltr'>Metellus</span> 
     </span>
     <span class='ocr_line' id='line_1_12' title="bbox 239 1687 1827 1744; baseline -0.001 -13"><span class='ocrx_word' id='word_1_82' title='bbox 239 1688 389 1744; x_wconf 86' lang='lat' dir='ltr'>Scipio</span> <span class='ocrx_word' id='word_1_83' title='bbox 410 1688 685 1731; x_wconf 90' lang='lat' dir='ltr'>consulatum</span> <span class='ocrx_word' id='word_1_84' title='bbox 708 1690 926 1742; x_wconf 88' lang='lat' dir='ltr'>petierunt</span> <span class='ocrx_word' id='word_1_85' title='bbox 946 1702 1035 1730; x_wconf 92' lang='lat' dir='ltr'>non</span> <span class='ocrx_word' id='word_1_86' title='bbox 1052 1689 1195 1732; x_wconf 91' lang='lat' dir='ltr'>solum</span> <span class='ocrx_word' id='word_1_87' title='bbox 1212 1688 1444 1744; x_wconf 85' lang='lat' dir='ltr'>largitione</span> <span class='ocrx_word' id='word_1_88' title='bbox 1465 1689 1614 1743; x_wconf 83' lang='lat' dir='ltr'>palam</span> <span class='ocrx_word' id='word_1_89' title='bbox 1637 1687 1827 1743; x_wconf 87' lang='lat' dir='ltr'>profusa,</span> 
     </span>
     <span class='ocr_line' id='line_1_13' title="bbox 238 1756 1830 1800; baseline 0.001 -2"><span class='ocrx_word' id='word_1_90' title='bbox 238 1758 315 1799; x_wconf 91' lang='lat' dir='ltr'>sed</span> <span class='ocrx_word' id='word_1_91' title='bbox 351 1758 481 1799; x_wconf 86' lang='lat' dir='ltr'>etiam</span> <span class='ocrx_word' id='word_1_92' title='bbox 518 1757 778 1799; x_wconf 88' lang='lat' dir='ltr'>factionibus</span> <span class='ocrx_word' id='word_1_93' title='bbox 808 1763 1075 1799; x_wconf 88' lang='lat' dir='ltr'>armatorum</span> <span class='ocrx_word' id='word_1_94' title='bbox 1107 1758 1329 1800; x_wconf 78' lang='lat' dir='ltr'>succincti.</span> <span class='ocrx_word' id='word_1_95' title='bbox 1406 1757 1562 1799; x_wconf 92' lang='lat' dir='ltr'>Miloni</span> <span class='ocrx_word' id='word_1_96' title='bbox 1593 1763 1638 1799; x_wconf 90' lang='lat' dir='ltr'>et</span> <span class='ocrx_word' id='word_1_97' title='bbox 1671 1756 1830 1800; x_wconf 89' lang='lat' dir='ltr'>Clodio</span> 
     </span>
     <span class='ocr_line' id='line_1_14' title="bbox 238 1825 1830 1881; baseline 0 -15"><span class='ocrx_word' id='word_1_98' title='bbox 238 1839 438 1867; x_wconf 89' lang='lat' dir='ltr'>summae</span> <span class='ocrx_word' id='word_1_99' title='bbox 463 1833 586 1867; x_wconf 87' lang='lat' dir='ltr'>erant</span> <span class='ocrx_word' id='word_1_100' title='bbox 615 1826 880 1877; x_wconf 86' lang='lat' dir='ltr'>inimicitiae,</span> <span class='ocrx_word' id='word_1_101' title='bbox 901 1826 1022 1881; x_wconf 94' lang='lat' dir='ltr'>quod</span> <span class='ocrx_word' id='word_1_102' title='bbox 1051 1833 1096 1868; x_wconf 90' lang='lat' dir='ltr'>et</span> <span class='ocrx_word' id='word_1_103' title='bbox 1123 1827 1233 1868; x_wconf 91' lang='lat' dir='ltr'>Milo</span> <span class='ocrx_word' id='word_1_104' title='bbox 1256 1826 1480 1869; x_wconf 90' lang='lat' dir='ltr'>Ciceronis</span> <span class='ocrx_word' id='word_1_105' title='bbox 1503 1832 1597 1868; x_wconf 86' lang='lat' dir='ltr'>erat</span> <span class='ocrx_word' id='word_1_106' title='bbox 1617 1825 1830 1868; x_wconf 88' lang='lat' dir='ltr'>amicissi-</span> 
     </span>
     <span class='ocr_line' id='line_1_15' title="bbox 239 1894 1831 1949; baseline 0 -14"><span class='ocrx_word' id='word_1_107' title='bbox 239 1908 337 1936; x_wconf 90' lang='lat' dir='ltr'>mus</span> <span class='ocrx_word' id='word_1_108' title='bbox 355 1894 400 1934; x_wconf 89' lang='lat' dir='ltr'>in</span> <span class='ocrx_word' id='word_1_109' title='bbox 418 1894 752 1948; x_wconf 89' lang='lat' dir='ltr'>reducendoque</span> <span class='ocrx_word' id='word_1_110' title='bbox 768 1909 821 1937; x_wconf 94' lang='lat' dir='ltr'>eo</span> <span class='ocrx_word' id='word_1_111' title='bbox 835 1896 967 1936; x_wconf 87' lang='lat' dir='ltr'>enixe</span> <span class='ocrx_word' id='word_1_112' title='bbox 980 1909 1160 1949; x_wconf 89' lang='lat' dir='ltr'>operam</span> <span class='ocrx_word' id='word_1_113' title='bbox 1174 1901 1226 1936; x_wconf 89' lang='lat' dir='ltr'>tr.</span> <span class='ocrx_word' id='word_1_114' title='bbox 1243 1894 1301 1948; x_wconf 89' lang='lat' dir='ltr'>pl.</span> <span class='ocrx_word' id='word_1_115' title='bbox 1316 1895 1509 1944; x_wconf 86' lang='lat' dir='ltr'>dederat,</span> <span class='ocrx_word' id='word_1_116' title='bbox 1523 1902 1567 1937; x_wconf 92' lang='lat' dir='ltr'>et</span> <span class='ocrx_word' id='word_1_117' title='bbox 1587 1895 1631 1936; x_wconf 91' lang='lat' dir='ltr'>P.</span> <span class='ocrx_word' id='word_1_118' title='bbox 1648 1894 1831 1936; x_wconf 87' lang='lat' dir='ltr'>Clodius</span> 
     </span>
     <span class='ocr_line' id='line_1_16' title="bbox 238 1962 1831 2018; baseline 0 -15"><span class='ocrx_word' id='word_1_119' title='bbox 238 1963 442 2005; x_wconf 87' lang='lat' dir='ltr'>restituto</span> <span class='ocrx_word' id='word_1_120' title='bbox 462 1976 639 2017; x_wconf 91' lang='lat' dir='ltr'>quoque</span> <span class='ocrx_word' id='word_1_121' title='bbox 662 1962 861 2004; x_wconf 87' lang='lat' dir='ltr'>Ciceroni</span> <span class='ocrx_word' id='word_1_122' title='bbox 884 1971 977 2005; x_wconf 83' lang='lat' dir='ltr'>erat</span> <span class='ocrx_word' id='word_1_123' title='bbox 1005 1963 1307 2005; x_wconf 88' lang='lat' dir='ltr'>infestissimus</span> <span class='ocrx_word' id='word_1_124' title='bbox 1338 1964 1523 2018; x_wconf 91' lang='lat' dir='ltr'>ideoque</span> <span class='ocrx_word' id='word_1_125' title='bbox 1546 1977 1718 2006; x_wconf 90' lang='lat' dir='ltr'>summe</span> <span class='ocrx_word' id='word_1_126' title='bbox 1739 1968 1831 2006; x_wconf 87' lang='lat' dir='ltr'>stu-</span> 
     </span>
     <span class='ocr_line' id='line_1_17' title="bbox 238 2031 1832 2087; baseline 0.001 -15"><span class='ocrx_word' id='word_1_127' title='bbox 238 2032 372 2072; x_wconf 90' lang='lat' dir='ltr'>debat</span> <span class='ocrx_word' id='word_1_128' title='bbox 396 2031 609 2084; x_wconf 86' lang='lat' dir='ltr'>Hypsaeo</span> <span class='ocrx_word' id='word_1_129' title='bbox 630 2038 674 2072; x_wconf 90' lang='lat' dir='ltr'>et</span> <span class='ocrx_word' id='word_1_130' title='bbox 699 2031 893 2087; x_wconf 79' lang='lat' dir='ltr'>ScipIOni</span> <span class='ocrx_word' id='word_1_131' title='bbox 923 2039 1073 2074; x_wconf 87' lang='lat' dir='ltr'>contra</span> <span class='ocrx_word' id='word_1_132' title='bbox 1095 2033 1322 2075; x_wconf 91' lang='lat' dir='ltr'>Milonem.</span> <span class='ocrx_word' id='word_1_133' title='bbox 1384 2031 1454 2073; x_wconf 89' lang='lat' dir='ltr'>Ac</span> <span class='ocrx_word' id='word_1_134' title='bbox 1481 2045 1611 2086; x_wconf 85' lang='lat' dir='ltr'>saepe</span> <span class='ocrx_word' id='word_1_135' title='bbox 1643 2032 1755 2074; x_wconf 89' lang='lat' dir='ltr'>inter</span> <span class='ocrx_word' id='word_1_136' title='bbox 1784 2044 1832 2073; x_wconf 91' lang='lat' dir='ltr'>se</span> 
     </span>
    </p>
   </div>
   <div class='ocr_carea' id='block_1_9' title="bbox 174 2099 1830 2156">
    <p class='ocr_par' dir='ltr' id='par_1_9' title="bbox 174 2099 1830 2156">
     <span class='ocr_line' id='line_1_18' title="bbox 174 2099 1830 2156; baseline 0.004 -20"><span class='ocrx_word' id='word_1_137' title='bbox 174 2107 220 2137; x_wconf 83' lang='lat'>32</span> <span class='ocrx_word' id='word_1_138' title='bbox 240 2099 350 2140; x_wconf 93' lang='lat' dir='ltr'>Milo</span> <span class='ocrx_word' id='word_1_139' title='bbox 382 2106 425 2140; x_wconf 88' lang='lat' dir='ltr'>et</span> <span class='ocrx_word' id='word_1_140' title='bbox 458 2099 638 2141; x_wconf 92' lang='lat' dir='ltr'>Clodius</span> <span class='ocrx_word' id='word_1_141' title='bbox 670 2114 768 2142; x_wconf 90' lang='lat' dir='ltr'>curn</span> <span class='ocrx_word' id='word_1_142' title='bbox 800 2101 887 2142; x_wconf 90' lang='lat' dir='ltr'>suis</span> <span class='ocrx_word' id='word_1_143' title='bbox 916 2101 1174 2142; x_wconf 86' lang='lat' dir='ltr'>factionibus</span> <span class='ocrx_word' id='word_1_144' title='bbox 1201 2099 1206 2155; x_wconf 84' lang='grc' dir='ltr'>Ι</span> <span class='ocrx_word' id='word_1_145' title='bbox 1236 2101 1408 2142; x_wconf 90' lang='lat' dir='ltr'>Romae</span> <span class='ocrx_word' id='word_1_146' title='bbox 1444 2101 1830 2156; x_wconf 86' lang='lat' dir='ltr'>depugnaverant:</span> 
     </span>
    </p>
   </div>
   <div class='ocr_carea' id='block_1_10' title="bbox 240 2169 1833 2499">
    <p class='ocr_par' dir='ltr' id='par_1_10' title="bbox 240 2169 1833 2499">
     <span class='ocr_line' id='line_1_19' title="bbox 240 2169 1832 2225; baseline 0 -15"><span class='ocrx_word' id='word_1_147' title='bbox 240 2174 284 2210; x_wconf 93' lang='lat' dir='ltr'>et</span> <span class='ocrx_word' id='word_1_148' title='bbox 305 2175 428 2210; x_wconf 86' lang='lat' dir='ltr'>erant</span> <span class='ocrx_word' id='word_1_149' title='bbox 450 2175 634 2222; x_wconf 89' lang='lat' dir='ltr'>uterque</span> <span class='ocrx_word' id='word_1_150' title='bbox 656 2169 840 2211; x_wconf 88' lang='lat' dir='ltr'>audacia</span> <span class='ocrx_word' id='word_1_151' title='bbox 861 2183 1002 2225; x_wconf 81' lang='lat' dir='ltr'>pare5‚</span> <span class='ocrx_word' id='word_1_152' title='bbox 1025 2170 1102 2211; x_wconf 86' lang='lat' dir='ltr'>sed</span> <span class='ocrx_word' id='word_1_153' title='bbox 1125 2170 1236 2212; x_wconf 92' lang='lat' dir='ltr'>Milo</span> <span class='ocrx_word' id='word_1_154' title='bbox 1257 2183 1335 2224; x_wconf 89' lang='lat' dir='ltr'>pro</span> <span class='ocrx_word' id='word_1_155' title='bbox 1358 2169 1612 2211; x_wconf 87' lang='lat' dir='ltr'>melioribus</span> <span class='ocrx_word' id='word_1_156' title='bbox 1633 2169 1832 2224; x_wconf 89' lang='lat' dir='ltr'>partibus</span> 
     </span>
     <span class='ocr_line' id='line_1_20' title="bbox 240 2236 1833 2287; baseline 0 -9"><span class='ocrx_word' id='word_1_157' title='bbox 240 2236 399 2278; x_wconf 82' lang='lat' dir='ltr'>stabat.</span> <span class='ocrx_word' id='word_1_158' title='bbox 461 2238 688 2279; x_wconf 86' lang='lat' dir='ltr'>Praeterea</span> <span class='ocrx_word' id='word_1_159' title='bbox 716 2238 759 2279; x_wconf 89' lang='lat' dir='ltr'>in</span> <span class='ocrx_word' id='word_1_160' title='bbox 785 2239 974 2280; x_wconf 89' lang='lat' dir='ltr'>eundem</span> <span class='ocrx_word' id='word_1_161' title='bbox 1000 2253 1164 2281; x_wconf 88' lang='lat' dir='ltr'>annum</span> <span class='ocrx_word' id='word_1_162' title='bbox 1196 2238 1472 2281; x_wconf 87' lang='lat' dir='ltr'>consulatum</span> <span class='ocrx_word' id='word_1_163' title='bbox 1503 2237 1625 2287; x_wconf 89' lang='lat' dir='ltr'>Milo,</span> <span class='ocrx_word' id='word_1_164' title='bbox 1649 2237 1833 2280; x_wconf 88' lang='lat' dir='ltr'>Clodius</span> 
     </span>
     <span class='ocr_line' id='line_1_21' title="bbox 241 2296 1832 2361; baseline 0.001 -16"><span class='ocrx_word' id='word_1_165' title='bbox 241 2296 489 2360; x_wconf 85' lang='lat' dir='ltr'>praeturam</span> <span class='ocrx_word' id='word_1_166' title='bbox 523 2307 717 2360; x_wconf 84' lang='lat' dir='ltr'>petebat,</span> <span class='ocrx_word' id='word_1_167' title='bbox 739 2320 871 2361; x_wconf 87' lang='lat' dir='ltr'>quam</span> <span class='ocrx_word' id='word_1_168' title='bbox 903 2307 1095 2350; x_wconf 90' lang='lat' dir='ltr'>debilem</span> <span class='ocrx_word' id='word_1_169' title='bbox 1129 2308 1320 2349; x_wconf 88' lang='lat' dir='ltr'>futuram</span> <span class='ocrx_word' id='word_1_170' title='bbox 1354 2307 1532 2348; x_wconf 88' lang='lat' dir='ltr'>consule</span> <span class='ocrx_word' id='word_1_171' title='bbox 1567 2306 1736 2348; x_wconf 91' lang='lat' dir='ltr'>Milone</span> <span class='ocrx_word' id='word_1_172' title='bbox 1766 2305 1832 2347; x_wconf 90' lang='lat' dir='ltr'>in-</span> 
     </span>
     <span class='ocr_line' id='line_1_22' title="bbox 242 2373 1831 2427; baseline -0.001 -12"><span class='ocrx_word' id='word_1_173' title='bbox 242 2373 490 2427; x_wconf 86' lang='lat' dir='ltr'>tellegebat.</span> <span class='ocrx_word' id='word_1_174' title='bbox 553 2375 727 2416; x_wconf 90' lang='lat' dir='ltr'>Deinde</span> <span class='ocrx_word' id='word_1_175' title='bbox 763 2389 863 2417; x_wconf 88' lang='lat' dir='ltr'>cum</span> <span class='ocrx_word' id='word_1_176' title='bbox 900 2376 975 2418; x_wconf 92' lang='lat' dir='ltr'>diu</span> <span class='ocrx_word' id='word_1_177' title='bbox 1011 2382 1153 2419; x_wconf 87' lang='lat' dir='ltr'>tracta</span> <span class='ocrx_word' id='word_1_178' title='bbox 1189 2381 1335 2417; x_wconf 89' lang='lat' dir='ltr'>essent</span> <span class='ocrx_word' id='word_1_179' title='bbox 1370 2375 1550 2416; x_wconf 87' lang='lat' dir='ltr'>comitia</span> <span class='ocrx_word' id='word_1_180' title='bbox 1586 2373 1831 2416; x_wconf 88' lang='lat' dir='ltr'>consularia</span> 
     </span>
     <span class='ocr_line' id='line_1_23' title="bbox 242 2442 1832 2499; baseline 0 -16"><span class='ocrx_word' id='word_1_181' title='bbox 242 2442 481 2497; x_wconf 91' lang='lat' dir='ltr'>perficique</span> <span class='ocrx_word' id='word_1_182' title='bbox 514 2443 572 2484; x_wconf 93' lang='lat' dir='ltr'>ob</span> <span class='ocrx_word' id='word_1_183' title='bbox 599 2457 674 2485; x_wconf 87' lang='lat' dir='ltr'>eas</span> <span class='ocrx_word' id='word_1_184' title='bbox 702 2444 819 2498; x_wconf 87' lang='lat' dir='ltr'>ipsas</span> <span class='ocrx_word' id='word_1_185' title='bbox 843 2446 1037 2499; x_wconf 85' lang='lat' dir='ltr'>perditas</span> <span class='ocrx_word' id='word_1_186' title='bbox 1063 2445 1399 2486; x_wconf 87' lang='lat' dir='ltr'>candidatorum</span> <span class='ocrx_word' id='word_1_187' title='bbox 1424 2443 1724 2486; x_wconf 89' lang='lat' dir='ltr'>contentiones</span> <span class='ocrx_word' id='word_1_188' title='bbox 1744 2455 1832 2485; x_wconf 90' lang='lat' dir='ltr'>non</span> 
     </span>
    </p>
   </div>
   <div class='ocr_carea' id='block_1_11' title="bbox 242 2561 1833 2845">
    <p class='ocr_par' dir='ltr' id='par_1_11' title="bbox 242 2561 1833 2845">
     <span class='ocr_line' id='line_1_24' title="bbox 534 2561 1662 2606; baseline 0.002 -14"><span class='ocrx_word' id='word_1_189' title='bbox 534 2570 562 2594; x_wconf 84' lang='lat'>2.</span> <span class='ocrx_word' id='word_1_190' title='bbox 579 2561 771 2597; x_wconf 83' lang='lat' dir='ltr'>orationem.</span> <span class='ocrx_word' id='word_1_191' title='bbox 787 2563 895 2606; x_wconf 86' lang='lat' dir='ltr'>suppl.</span> <span class='ocrx_word' id='word_1_192' title='bbox 910 2563 968 2596; x_wconf 90' lang='lat' dir='ltr'>KS</span> <span class='ocrx_word' id='word_1_193' title='bbox 984 2564 1017 2595; x_wconf 89' lang='lat' dir='ltr'>in</span> <span class='ocrx_word' id='word_1_194' title='bbox 1032 2563 1210 2596; x_wconf 86' lang='lat' dir='ltr'>Addendis.</span> <span class='ocrx_word' id='word_1_195' title='bbox 1342 2562 1423 2601; x_wconf 94' lang='lat' dir='ltr'>VII,</span> <span class='ocrx_word' id='word_1_196' title='bbox 1440 2561 1575 2604; x_wconf 82' lang='lat' dir='ltr'>scripsi:</span> <span class='ocrx_word' id='word_1_197' title='bbox 1599 2561 1662 2594; x_wconf 88' lang='lat' dir='ltr'>VI.</span> 
     </span>
     <span class='ocr_line' id='line_1_25' title="bbox 289 2671 1833 2715; baseline 0.001 -13"><span class='ocrx_word' id='word_1_198' title='bbox 289 2681 317 2702; x_wconf 88' lang='lat'>2.</span> <span class='ocrx_word' id='word_1_199' title='bbox 342 2682 372 2704; x_wconf 80' lang='lat' dir='ltr'>a.</span> <span class='ocrx_word' id='word_1_200' title='bbox 390 2675 423 2704; x_wconf 73' lang='lat' dir='ltr'>d.</span> <span class='ocrx_word' id='word_1_201' title='bbox 438 2673 534 2705; x_wconf 79' lang='lat' dir='ltr'>er:</span> <span class='ocrx_word' id='word_1_202' title='bbox 557 2683 610 2705; x_wconf 88' lang='lat' dir='ltr'>see</span> <span class='ocrx_word' id='word_1_203' title='bbox 625 2684 658 2715; x_wconf 93' lang='lat' dir='ltr'>p.</span> <span class='ocrx_word' id='word_1_204' title='bbox 678 2680 750 2715; x_wconf 78' lang='lat'>127.</span> <span class='ocrx_word' id='word_1_205' title='bbox 1068 2683 1122 2715; x_wconf 85' lang='lat'>49.</span> <span class='ocrx_word' id='word_1_206' title='bbox 1152 2683 1181 2712; x_wconf 79' lang='lat'>2,</span> <span class='ocrx_word' id='word_1_207' title='bbox 1205 2674 1269 2705; x_wconf 83' lang='lat' dir='ltr'>and</span> <span class='ocrx_word' id='word_1_208' title='bbox 1293 2674 1388 2706; x_wconf 88' lang='lat' dir='ltr'>Caes.</span> <span class='ocrx_word' id='word_1_209' title='bbox 1416 2673 1454 2706; x_wconf 93' lang='lat' dir='ltr'>B.</span> <span class='ocrx_word' id='word_1_210' title='bbox 1470 2673 1509 2706; x_wconf 94' lang='lat' dir='ltr'>C.</span> <span class='ocrx_word' id='word_1_211' title='bbox 1533 2672 1568 2705; x_wconf 87' lang='lat' dir='ltr'>ii.</span> <span class='ocrx_word' id='word_1_212' title='bbox 1591 2672 1621 2705; x_wconf 92' lang='lat'>6.</span> <span class='ocrx_word' id='word_1_213' title='bbox 1648 2681 1666 2714; x_wconf 89' lang='lat'>5</span> <span class='ocrx_word' id='word_1_214' title='bbox 1694 2671 1833 2714; x_wconf 83' lang='lat' dir='ltr'>[Krebs-</span> 
     </span>
     <span class='ocr_line' id='line_1_26' title="bbox 288 2715 1832 2759; baseline 0.001 -13"><span class='ocrx_word' id='word_1_215' title='bbox 288 2715 317 2747; x_wconf 91' lang='lat'>6.</span> <span class='ocrx_word' id='word_1_216' title='bbox 342 2719 386 2747; x_wconf 75' lang='lat' dir='ltr'>de</span> <span class='ocrx_word' id='word_1_217' title='bbox 400 2720 474 2753; x_wconf 71' lang='lat' dir='ltr'>opt.</span> <span class='ocrx_word' id='word_1_218' title='bbox 492 2725 576 2754; x_wconf 73' lang='lat' dir='ltr'>gen.</span> <span class='ocrx_word' id='word_1_219' title='bbox 591 2727 667 2750; x_wconf 59' lang='lat'>022:</span> <span class='ocrx_word' id='word_1_220' title='bbox 694 2721 710 2756; x_wconf 83' lang='lat'>§</span> <span class='ocrx_word' id='word_1_221' title='bbox 732 2726 782 2749; x_wconf 88' lang='lat'>10.</span> <span class='ocrx_word' id='word_1_222' title='bbox 1070 2717 1191 2758; x_wconf 85' lang='lat' dir='ltr'>Allg.].</span> <span class='ocrx_word' id='word_1_223' title='bbox 1237 2717 1400 2749; x_wconf 86' lang='lat' dir='ltr'>Asconius</span> <span class='ocrx_word' id='word_1_224' title='bbox 1421 2727 1493 2749; x_wconf 82' lang='lat' dir='ltr'>uses</span> <span class='ocrx_word' id='word_1_225' title='bbox 1515 2717 1541 2749; x_wconf 86' lang='lat' dir='ltr'>it</span> <span class='ocrx_word' id='word_1_226' title='bbox 1567 2716 1674 2759; x_wconf 86' lang='lat' dir='ltr'>again,</span> <span class='ocrx_word' id='word_1_227' title='bbox 1695 2724 1737 2757; x_wconf 81' lang='lat'>34</span> <span class='ocrx_word' id='word_1_228' title='bbox 1750 2715 1832 2748; x_wconf 87' lang='lat' dir='ltr'>dice-</span> 
     </span>
     <span class='ocr_line' id='line_1_27' title="bbox 288 2761 1309 2803; baseline 0.002 -14"><span class='ocrx_word' id='word_1_229' title='bbox 288 2768 319 2799; x_wconf 89' lang='lat'>9.</span> <span class='ocrx_word' id='word_1_230' title='bbox 343 2763 383 2790; x_wconf 72' lang='grc' dir='ltr'>Ρ.</span> <span class='ocrx_word' id='word_1_231' title='bbox 411 2763 588 2792; x_wconf 75' lang='lat' dir='ltr'>Plautius</span> <span class='ocrx_word' id='word_1_232' title='bbox 615 2764 837 2799; x_wconf 63' lang='lat' dir='ltr'>Ennaeas:</span> <span class='ocrx_word' id='word_1_233' title='bbox 875 2771 927 2793; x_wconf 88' lang='lat' dir='ltr'>see</span> <span class='ocrx_word' id='word_1_234' title='bbox 949 2771 1007 2803; x_wconf 90' lang='lat' dir='ltr'>pp.</span> <span class='ocrx_word' id='word_1_235' title='bbox 1069 2761 1149 2792; x_wconf 86' lang='lat' dir='ltr'>bant</span> <span class='ocrx_word' id='word_1_236' title='bbox 1162 2765 1309 2803; x_wconf 78' lang='lat' dir='ltr'>uterquc.</span> 
     </span>
     <span class='ocr_line' id='line_1_28' title="bbox 242 2802 1832 2845; baseline 0.001 -13"><span class='ocrx_word' id='word_1_237' title='bbox 242 2802 306 2837; x_wconf 84' lang='lat' dir='ltr'>xix,</span> <span class='ocrx_word' id='word_1_238' title='bbox 324 2802 434 2834; x_wconf 89' lang='lat' dir='ltr'>xxviii.</span> <span class='ocrx_word' id='word_1_239' title='bbox 1117 2813 1165 2845; x_wconf 93' lang='lat'>19.</span> <span class='ocrx_word' id='word_1_240' title='bbox 1190 2807 1350 2836; x_wconf 74' lang='lat' dir='ltr'>debilem</span> <span class='ocrx_word' id='word_1_241' title='bbox 1366 2828 1375 2836; x_wconf 88' lang='lat'>.</span> <span class='ocrx_word' id='word_1_242' title='bbox 1391 2828 1399 2836; x_wconf 93' lang='lat'>.</span> <span class='ocrx_word' id='word_1_243' title='bbox 1415 2827 1423 2836; x_wconf 84' lang='lat'>.</span> <span class='ocrx_word' id='word_1_244' title='bbox 1440 2806 1600 2836; x_wconf 68' lang='lat' dir='ltr'>unone:</span> <span class='ocrx_word' id='word_1_245' title='bbox 1625 2813 1644 2834; x_wconf 85' lang='lat' dir='ltr'>a</span> <span class='ocrx_word' id='word_1_246' title='bbox 1657 2802 1832 2845; x_wconf 74' lang='lat' dir='ltr'>quotation</span> 
     </span>
    </p>
   </div>
   <div class='ocr_carea' id='block_1_12' title="bbox 244 2846 1833 2974">
    <p class='ocr_par' dir='ltr' id='par_1_12' title="bbox 244 2846 1833 2974">
     <span class='ocr_line' id='line_1_29' title="bbox 291 2846 1833 2890; baseline 0.001 -15"><span class='ocrx_word' id='word_1_247' title='bbox 291 2852 339 2885; x_wconf 85' lang='lat'>17.</span> <span class='ocrx_word' id='word_1_248' title='bbox 364 2850 473 2878; x_wconf 76' lang='lat' dir='ltr'>erant</span> <span class='ocrx_word' id='word_1_249' title='bbox 496 2850 668 2884; x_wconf 76' lang='lat' dir='ltr'>uterque:</span> <span class='ocrx_word' id='word_1_250' title='bbox 706 2848 771 2879; x_wconf 80' lang='lat' dir='ltr'>this</span> <span class='ocrx_word' id='word_1_251' title='bbox 800 2858 857 2880; x_wconf 88' lang='lat' dir='ltr'>use</span> <span class='ocrx_word' id='word_1_252' title='bbox 888 2847 926 2879; x_wconf 87' lang='lat' dir='ltr'>of</span> <span class='ocrx_word' id='word_1_253' title='bbox 951 2847 1008 2879; x_wconf 88' lang='lat' dir='ltr'>the</span> <span class='ocrx_word' id='word_1_254' title='bbox 1069 2847 1154 2879; x_wconf 85' lang='lat' dir='ltr'>from</span> <span class='ocrx_word' id='word_1_255' title='bbox 1180 2848 1235 2879; x_wconf 86' lang='lat' dir='ltr'>the</span> <span class='ocrx_word' id='word_1_256' title='bbox 1261 2847 1378 2890; x_wconf 87' lang='lat' dir='ltr'>speech</span> <span class='ocrx_word' id='word_1_257' title='bbox 1397 2850 1413 2886; x_wconf 69' lang='grc'><strong>5</strong></span> <span class='ocrx_word' id='word_1_258' title='bbox 1432 2855 1483 2887; x_wconf 84' lang='lat'>25.</span> <span class='ocrx_word' id='word_1_259' title='bbox 1528 2846 1574 2879; x_wconf 91' lang='lat' dir='ltr'>So</span> <span class='ocrx_word' id='word_1_260' title='bbox 1598 2850 1706 2878; x_wconf 82' lang='lat' dir='ltr'>tracta</span> <span class='ocrx_word' id='word_1_261' title='bbox 1730 2849 1833 2878; x_wconf 81' lang='lat' dir='ltr'>essent</span> 
     </span>
     <span class='ocr_line' id='line_1_30' title="bbox 244 2888 1513 2932; baseline 0.003 -14"><span class='ocrx_word' id='word_1_262' title='bbox 244 2888 352 2929; x_wconf 86' lang='lat' dir='ltr'>plural</span> <span class='ocrx_word' id='word_1_263' title='bbox 375 2890 452 2920; x_wconf 87' lang='lat' dir='ltr'>verb</span> <span class='ocrx_word' id='word_1_264' title='bbox 474 2890 554 2921; x_wconf 82' lang='lat' dir='ltr'>with</span> <span class='ocrx_word' id='word_1_265' title='bbox 578 2894 714 2932; x_wconf 82' lang='lat' dir='ltr'>uterque</span> <span class='ocrx_word' id='word_1_266' title='bbox 736 2891 764 2922; x_wconf 87' lang='lat' dir='ltr'>is</span> <span class='ocrx_word' id='word_1_267' title='bbox 784 2890 902 2932; x_wconf 87' lang='lat' dir='ltr'>chiefly</span> <span class='ocrx_word' id='word_1_268' title='bbox 917 2895 1007 2922; x_wconf 89' lang='lat' dir='ltr'>ante·</span> <span class='ocrx_word' id='word_1_269' title='bbox 1069 2901 1146 2924; x_wconf 87' lang='lat' dir='ltr'>com.</span> <span class='ocrx_word' id='word_1_270' title='bbox 1163 2891 1190 2923; x_wconf 89' lang='lat' dir='ltr'>is</span> <span class='ocrx_word' id='word_1_271' title='bbox 1206 2891 1304 2923; x_wconf 85' lang='lat' dir='ltr'>taken</span> <span class='ocrx_word' id='word_1_272' title='bbox 1320 2891 1406 2923; x_wconf 81' lang='lat' dir='ltr'>from</span> <span class='ocrx_word' id='word_1_273' title='bbox 1423 2892 1440 2929; x_wconf 64' lang='grc' dir='ltr'><strong>ξ</strong></span> <span class='ocrx_word' id='word_1_274' title='bbox 1461 2900 1513 2931; x_wconf 84' lang='lat'>24.</span> 
     </span>
     <span class='ocr_line' id='line_1_31' title="bbox 244 2931 1006 2974; baseline 0.004 -11"><span class='ocrx_word' id='word_1_275' title='bbox 244 2931 310 2962; x_wconf 79' lang='lat' dir='ltr'>and</span> <span class='ocrx_word' id='word_1_276' title='bbox 325 2932 577 2974; x_wconf 82' lang='lat' dir='ltr'>post-classica1‚</span> <span class='ocrx_word' id='word_1_277' title='bbox 595 2934 634 2966; x_wconf 78' lang='lat' dir='ltr'>cf.</span> <span class='ocrx_word' id='word_1_278' title='bbox 647 2934 798 2966; x_wconf 90' lang='lat' dir='ltr'>however</span> <span class='ocrx_word' id='word_1_279' title='bbox 811 2934 890 2966; x_wconf 89' lang='lat' dir='ltr'>Sall.</span> <span class='ocrx_word' id='word_1_280' title='bbox 905 2934 1006 2967; x_wconf 84' lang='lat' dir='ltr'>Catil.</span> 
     </span>
    </p>
   </div>
   <div class='ocr_carea' id='block_1_13' title="bbox 1847 1701 1890 1727">
    <p class='ocr_par' dir='ltr' id='par_1_13' title="bbox 1847 1701 1890 1727">
     <span class='ocr_line' id='line_1_32' title="bbox 1847 1701 1890 1727; baseline -0.023 0"><span class='ocrx_word' id='word_1_281' title='bbox 1847 1701 1890 1727; x_wconf 84' lang='lat'>10</span> 
     </span>
    </p>
   </div>
   <div class='ocr_carea' id='block_1_14' title="bbox 1851 2040 1889 2074">
    <p class='ocr_par' dir='ltr' id='par_1_14' title="bbox 1851 2040 1889 2074">
     <span class='ocr_line' id='line_1_33' title="bbox 1851 2040 1889 2074; baseline 0 0"><span class='ocrx_word' id='word_1_282' title='bbox 1851 2040 1889 2074; x_wconf 90' lang='lat'>15</span> 
     </span>
    </p>
   </div>
   <div class='ocr_carea' id='block_1_15' title="bbox 1851 2385 1892 2409">
    <p class='ocr_par' dir='ltr' id='par_1_15' title="bbox 1851 2385 1892 2409">
     <span class='ocr_line' id='line_1_34' title="bbox 1851 2385 1892 2409; baseline -0.024 0"><span class='ocrx_word' id='word_1_283' title='bbox 1851 2385 1892 2409; x_wconf 86' lang='lat'>20</span> 
     </span>
    </p>
   </div>
  </div>
 </body>
</html>
