1942 3236
516 215 650 258 PRO
695 215 742 259 T.
787 216 1002 260 ANNIO
1041 218 1306 262 MILONE.
1662 234 1716 280 19

59 349 69 381 ἢ
102 331 237 381 llatae
255 332 451 389 gratiae3
484 333 625 376 multa
646 335 780 376 etiam
803 335 890 376 alia
910 336 1030 388 vidit,
1052 337 1129 379 sed
1154 338 1262 380 illud
1286 339 1493 393 maxime,
1515 341 1716 395 quamvis

54 402 70 457 ῥ’
95 402 313 447 atrociter
346 402 443 459 ipse
476 403 662 455 tulisset,
697 418 779 446 vos
815 411 966 447 tamen
1003 405 1175 448 fortiter
1215 407 1495 452 iudicaturos.
1558 410 1717 464 Itaque

50 500 55 533 3
101 472 271 529 delegit
289 486 348 515 ex
369 471 691 516 florentissimis
718 474 947 517 ordinibus
977 475 1072 530 ipsa
1092 476 1272 528 lumina,
1295 491 1439 533 neque
1459 493 1576 531 vero,
1598 481 1716 534 quod

44 536 78 586 'Q
102 554 194 585 non
220 541 332 585 nulli
358 541 578 594 dictitant,
606 543 792 585 secrevit
821 544 865 585 in
893 544 1111 587 iudicibus
1142 546 1340 601 legendis
1371 548 1538 591 amicos
1567 563 1718 598 meos;

52 628 87 671 5
101 624 247 667 neque
275 611 394 655 enim
429 611 515 655 hoc
546 612 760 668 cogitavit
790 613 857 654 vir
890 614 1164 667 iustissimus,
1198 630 1341 670 neque
1377 617 1419 658 in
1456 617 1583 660 bonis
1616 618 1718 660 viris

46 675 67 720 ss
101 680 300 737 legendis
324 682 371 724 id
391 683 576 737 adsequi
598 683 827 738 potuisset,
850 683 984 725 etiam
1011 684 1047 725 si
1075 685 1280 739 cupisset.
1342 686 1446 728 Non
1474 687 1590 728 enim
1621 701 1720 730 mea

24 774 30 777 J
99 751 247 809 gnatia
272 751 649 795 familiaritatibus
677 753 937 803 continetur,
968 768 1082 808 quae
1110 754 1198 797 late
1226 762 1376 810 patere
1406 770 1493 798 non
1523 764 1718 811 possunt,

52 855 57 858 .
101 827 339 879 propterea
358 821 481 876 quod
502 823 842 864 consuetudines
862 824 1005 876 qus
1034 837 1122 866 non
1151 831 1337 878 possunt
1366 840 1461 868 esse
1483 840 1583 869 cum
1607 826 1719 868 mul-

61 915 66 918 -
102 888 189 941 tis;
228 890 308 933 sed
338 891 376 933 si
406 891 514 946 quid
545 905 793 946 possumuS,
824 906 883 934 ex
915 906 969 934 eo
1005 907 1252 947 possumus,
1284 895 1405 949 quod
1442 909 1510 937 res
1545 895 1722 950 publica

5 990 10 1006 ¹.
101 972 185 1004 nos
211 960 443 1004 coniunxit
471 974 572 1004 cum
598 961 753 1012 bonis;
784 975 843 1002 ex
871 963 1032 1016 quibus
1062 962 1135 1004 ille
1162 977 1263 1005 cum
1293 964 1486 1018 optimos
1513 965 1630 1015 viros
1658 965 1719 1014 le,-

52 1083 55 1086 .
101 1035 228 1086 geret
253 1029 388 1085 idque
415 1030 616 1072 maxime
642 1031 702 1073 ad
730 1030 864 1073 fidem
895 1045 1021 1073 suam
1055 1033 1275 1086 pertinere
1306 1034 1603 1085 arbitraretur,
1630 1048 1719 1077 non

62 1135 67 1154 ÷
102 1099 253 1157 potuit
272 1098 420 1156 legere
439 1113 530 1142 non
557 1099 781 1142 studiosos
809 1101 907 1143 mei.
969 1101 1103 1156 Quod
1125 1115 1230 1144 vero
1251 1109 1308 1151 te,
1331 1103 1383 1144 L.
1407 1104 1593 1154 Domiti,
1620 1104 1721 1146 huic
1740 1118 1787 1148 22

55 1169 65 1215 ἶ
103 1169 355 1228 quaestioni
394 1183 597 1225 praeesse
638 1171 837 1212 maxime
877 1171 1032 1223 voluit,
1074 1172 1180 1213 nihil
1227 1173 1442 1227 quaesivit
1479 1173 1601 1216 aliud
1639 1174 1722 1215 nisi

55 1228 70 1298 Α,
105 1237 333 1291 iustitiam,
353 1239 633 1295 gravitatem,
654 1239 993 1290 humanitatem,
1020 1241 1168 1284 fidem.
1230 1242 1356 1284 Tulit
1377 1249 1426 1284 ut
1447 1242 1720 1286 consularem

105 1321 288 1352 necesse
321 1315 453 1359 esset,
485 1310 629 1361 credo,
665 1310 785 1365 quod
819 1306 1067 1366 principum
1107 1325 1267 1353 munus
1302 1325 1396 1354 esse
1429 1312 1622 1355 ducebat
1657 1326 1722 1353 re-

101 1377 260 1421 sistere
279 1383 325 1421 et
345 1378 516 1422 levitati
538 1379 836 1422 multitudinis
857 1386 902 1421 et
922 1381 1195 1436 perditorum
1217 1382 1470 1424 temeritati.
1525 1382 1600 1423 Ex
1622 1396 1722 1424 con-

60 1483 66 1487 .
103 1447 326 1493 sularibus
354 1454 402 1491 te
430 1449 595 1492 creavit
626 1449 934 1504 potissimum3
978 1451 1162 1493 dederas
1194 1451 1322 1502 enim,
1354 1465 1488 1504 quam
1525 1458 1723 1494 contem-

0 1578 1 1590 *
59 1517 75 1561 ’Ῐ
104 1531 232 1562 neres
251 1517 489 1574 populares
509 1519 713 1569 insanias,
731 1519 819 1561 iam
836 1519 893 1562 ab
911 1520 1210 1563 adulescentia
1226 1522 1494 1562 documenta
1511 1522 1722 1564 maxima.

54 1648 57 1652 ¹
110 1671 114 1675 .
150 1641 184 1676 4.
199 1631 328 1667 amieos
342 1657 352 1667 .
370 1657 379 1666 .
394 1657 404 1666 .
419 1633 570 1675 legendis
580 1634 695 1667 om.T.
806 1635 838 1667 8.
855 1640 1031 1678 propterea
1046 1659 1054 1667 .
1072 1659 1080 1667 .
1099 1659 1106 1666 .
1119 1634 1234 1666 multis
1246 1634 1306 1666 del.
1321 1634 1422 1667 Bake.
1538 1644 1589 1667 10.
1604 1636 1700 1669 bonis
1714 1648 1722 1670 ς

62 1693 65 1695 -
106 1676 229 1710 nmltis
242 1677 290 1725 ⁸⁶.
407 1685 459 1719 13.
483 1677 575 1710 aliud
590 1678 653 1711 nisi
669 1678 739 1711 Ea:
763 1678 836 1711 nisi
850 1679 892 1711 T.
1030 1679 1079 1711 18.
1104 1679 1267 1711 insanias:
1293 1679 1437 1710 insidias
1453 1681 1480 1712 δ.

55 1804 59 1811 .
106 1777 236 1812 uffenoe
265 1778 397 1821 against
425 1779 562 1819 morab,
592 1779 623 1812 if
648 1779 673 1812 it
705 1789 792 1812 were
821 1785 880 1812 not
951 1780 1053 1813 Rose.
1072 1780 1150 1813 Am.
1171 1789 1211 1821 23
1234 1779 1381 1812 remarks
1404 1780 1477 1812 that
1500 1781 1644 1823 optimus
1666 1781 1726 1813 vir

52 1835 54 1838 ’
105 1821 235 1864 wholly
255 1823 408 1865 genuine.
454 1822 508 1857 Cs.
527 1823 621 1855 Fam.
637 1823 683 1856 iii.
704 1833 753 1855 12.
771 1835 792 1865 4
814 1824 881 1856 and
951 1825 980 1857 is
1004 1824 1129 1865 always
1153 1825 1233 1856 used
1256 1825 1295 1856 of
1317 1826 1460 1866 genuine
1485 1826 1604 1866 pi‘aise,
1622 1824 1723 1858 while

64 1874 78 1903 ἢ
105 1865 179 1900 fiii.
193 1865 225 1900 6.
246 1874 277 1899 1.
950 1869 1011 1900 vir
1023 1868 1168 1911 optimus
1183 1869 1212 1900 is
1224 1868 1312 1901 often
1326 1869 1475 1907 ironical‚
1487 1879 1514 1900 e.
1521 1879 1555 1910 g.
1566 1868 1665 1901 Tusc.
1678 1870 1722 1902 D.

68 1906 107 1942 ,·’
153 1918 184 1942 2.
207 1913 413 1944 attonitu:
442 1909 622 1954 ‘sternly’3
646 1911 690 1944 cf.
712 1912 800 1945 Mur.
824 1910 880 1954 64,
950 1913 997 1944 iii.
1031 1922 1073 1953 50
1104 1912 1269 1954 Epicurei,
1299 1912 1374 1944 viri
1399 1912 1528 1954 optimi.
1582 1913 1635 1944 On
1666 1913 1723 1945 the

67 1974 83 1994 q
106 1952 196 1988 phil.
211 1954 255 1988 xi.
274 1963 326 1995 15.
951 1956 1047 1989 other
1070 1956 1169 1994 hand,
1186 1956 1281 1988 when
1303 1956 1406 1988 bonus
1427 1958 1455 1987 is
1479 1956 1618 1988 ironical
1645 1957 1671 1988 it
1695 1957 1723 1988 is

151 2001 462 2032 mun-imin:
486 1999 542 2032 the
565 1999 726 2042 adjective
750 2001 779 2032 is
804 2011 880 2032 con·
953 2000 1077 2042 always
1107 2005 1167 2042 put
1198 2000 1310 2032 before
1341 2000 1382 2031 its
1413 2000 1628 2039 substantive,
1655 2011 1681 2033 e.
1689 2011 1722 2042 g.

106 2042 232 2085 flnntly
246 2042 329 2076 used
344 2043 384 2076 os
394 2053 415 2075 a
429 2048 622 2084 statesman,
638 2054 667 2076 e.
674 2055 706 2086 g.
725 2043 817 2076 Cael.
839 2054 881 2086 59
952 2044 1044 2076 Verr.
1065 2054 1097 2075 v.
1123 2053 1159 2075 12
1187 2044 1265 2087 quid
1289 2043 1348 2083 ais,
1373 2043 1450 2076 bone
1473 2049 1593 2081 custos,
1613 2045 1723 2076 defen-

70 2101 74 2105 ·
106 2085 152 2120 in
181 2096 219 2120 re
240 2090 280 2130 p.
294 2085 483 2130 floruisset,
505 2087 592 2120 Sest.
622 2096 680 2120 101
699 2087 882 2131 florentem
952 2099 1071 2130 sorque
1087 2088 1297 2131 provinciae?

68 2175 70 2177 Ι
98 2128 282 2170 -bminem
305 2131 340 2163 in
364 2131 522 2188 populari
545 2132 686 2164 ratione.
742 2132 833 2164 Here
855 2133 882 2164 it
1000 2141 1052 2172 13.
1075 2136 1292 2170 quaestioni
1317 2156 1324 2163 .
1351 2156 1358 2163 .
1385 2155 1393 2164 .
1418 2134 1633 2169 quaesivit:
1674 2131 1725 2164 sor

72 2190 75 2198 κ
116 2173 372 2208 n‘influential.
426 2175 467 2208 In
486 2176 679 2219 metaphors
699 2176 725 2208 it
740 2186 883 2218 eonveys
951 2175 1008 2208 the
1041 2186 1220 2208 assonance
1254 2176 1294 2208 cf.
1326 2177 1364 2214 ἐξ
1396 2183 1427 2216 7,
1453 2185 1473 2217 9
1494 2186 1540 2214 n.,
1573 2186 1611 2208 so
1648 2176 1720 2208 infr.

108 2216 168 2253 the
181 2218 260 2252 idea
274 2218 315 2252 of
324 2217 514 2262 brillianey,
529 2230 600 2262 e.g.
619 2220 692 2252 Att.
707 2220 775 2251 xvi.
797 2229 844 2251 11.
866 2229 878 2251 1
956 2224 972 2259 §
987 2229 1028 2262 59
1045 2220 1250 2262 quaestiones
1265 2244 1273 2252 .
1299 2243 1307 2251 .
1332 2243 1340 2251 .
1360 2229 1444 2261 quae
1458 2224 1551 2258 sunt,
1568 2219 1634 2251 and
1651 2221 1722 2252 Att.

68 2289 70 2297 ,
109 2259 191 2304 &0⁷1
211 2262 288 2306 ipsa
308 2262 460 2306 posuisti,
481 2274 567 2307 quae
581 2264 665 2295 mihi
675 2263 883 2306 florentiora
952 2264 988 2296 ii.
1016 2263 1067 2295 16.
1091 2274 1113 2305 4
1135 2267 1318 2306 quaestores
1345 2267 1468 2302 autem,
1497 2274 1614 2306 quaeso
1644 2274 1724 2295 num

55 2319 74 2330 2·
108 2311 186 2341 unt
213 2307 287 2340 visa
314 2309 376 2340 tuo
401 2307 538 2348 iudicio,
554 2309 640 2350 ‘you
671 2308 795 2350 quoted
827 2309 884 2340 the
953 2307 1055 2340 etiam
1080 2331 1087 2339 .
1112 2332 1120 2340 .
1145 2331 1154 2340 .
1179 2307 1358 2339 dubitant?

108 2360 187 2394 very
234 2360 319 2391 ems,
342 2350 409 2384 and
433 2351 514 2393 they
537 2362 626 2384 seem
653 2356 688 2384 to
715 2362 768 2384 me
793 2362 885 2384 more
1002 2360 1230 2392 15..neoesse
1245 2355 1369 2384 esset:
1395 2362 1439 2384 sc.
1455 2361 1616 2393 praeesse.

92 2393 210 2439 'spark
227 2393 236 2402 '
297 2393 378 2435 ’ἂι
421 2394 539 2428 Hence
573 2406 669 2428 orens
679 2395 708 2427 is
717 2395 886 2437 naturally
998 2399 1129 2427 oredo:
1156 2398 1164 2412 ‘
1180 2395 1274 2426 when
1297 2396 1388 2427 credo
1411 2396 1439 2426 is
1463 2395 1542 2427 used
1567 2395 1606 2425 of
1626 2393 1730 2426 belief

65 2463 67 2466 -
111 2437 272 2472 followed
289 2437 336 2481 by
351 2437 498 2479 lumina,
516 2441 525 2457 ‘
549 2439 761 2475 uminaries;'
785 2439 825 2472 cf.
843 2439 884 2471 de
953 2439 1055 2472 based
1078 2449 1167 2480 upon
1191 2438 1375 2470 individual
1397 2439 1546 2480 opinion,
1560 2443 1620 2471 not
1635 2449 1724 2480 upon

111 2481 271 2517 Oxatiii.
290 2481 353 2515 166
374 2482 495 2515 modus
516 2482 626 2515 nullus
648 2487 697 2516 est
701 2483 888 2526 florentior
954 2482 1101 2515 external
1116 2483 1282 2522 evidence,
1294 2483 1320 2514 it
1335 2483 1459 2524 always
1475 2482 1606 2524 implies
1622 2482 1727 2514 either

58 2551 59 2554 =
115 2550 151 2561 .,.
167 2550 177 2559 .
190 2536 254 2560 nee
268 2526 324 2569 qui
341 2525 418 2569 plus
431 2527 579 2559 luminis
594 2526 709 2559 afferat
722 2527 882 2559 orationi:
954 2527 1026 2559 that
1049 2526 1105 2558 the
1128 2526 1230 2558 belief
1255 2527 1282 2558 is
1310 2526 1429 2568 purely
1452 2524 1648 2566 subjective’
1672 2525 1725 2567 [as

113 2569 180 2604 aad
210 2569 306 2603 anr.
329 2570 372 2603 iv.
396 2579 463 2613 450
491 2570 698 2604 lucernarum
716 2570 886 2614 florentia
954 2570 1048 2611 here]
1082 2573 1090 2588 ‘
1104 2580 1141 2602 or
1170 2570 1238 2602 else
1274 2569 1346 2602 that
1376 2570 1403 2601 it
1432 2569 1460 2601 is
1490 2569 1724 2612 ill-grounded,

56 2629 60 2632 ⁴
113 2613 250 2648 Mna
264 2613 419 2648 flammis,
954 2625 982 2646 e.
990 2625 1023 2656 g.
1041 2613 1119 2646 Nat.
1147 2614 1190 2645 D.
1215 2614 1248 2646 ii.
1276 2620 1293 2655 7
1322 2613 1349 2644 si
1375 2623 1414 2644 ea
1442 2613 1519 2645 ficta
1541 2612 1725 2646 credimus’

158 2666 192 2701 4.
214 2661 403 2691 uomit:
427 2660 438 2676 ‘
451 2662 500 2691 set
521 2658 613 2691 aside
626 2657 636 2672 '
693 2658 748 2692 Cf.
768 2659 839 2691 Att.
862 2657 885 2690 i.
954 2657 1244 2700 Seyffert-Muller,
1261 2657 1394 2689 Laelius
1405 2656 1428 2696 ²,
1446 2668 1478 2699 p.
1502 2664 1574 2698 173.

70 2719 77 2731 ι
117 2699 169 2735 16.
209 2710 230 2742 3
261 2711 337 2735 reus
377 2706 548 2745 tamquam
585 2702 730 2735 clemens
766 2701 887 2734 lanista
1003 2700 1053 2733 16.
1076 2705 1238 2734 levitas:
1275 2712 1296 2732 a
1326 2705 1422 2742 party
1454 2701 1655 2743 expression,
1687 2711 1725 2733 so

63 2754 68 2755 ⁷
86 2776 92 2786 Α.
113 2744 375 2788 frugalissimum
390 2755 555 2789 quemque
569 2750 757 2779 secerneret.
956 2745 1137 2787 frequently
1145 2745 1324 2787 popularis
1338 2744 1465 2776 levitas.
1512 2745 1579 2776 For
1594 2744 1724 2777 temeri·

71 2802 81 2831 j
160 2789 193 2822 8.
224 2793 427 2829 mm
458 2814 466 2823 .
505 2814 514 2822 .
554 2815 562 2822 .
597 2794 756 2823 mulda:
795 2789 887 2822 Bake
955 2790 1023 2821 tati
1036 2789 1076 2820 ef.
1096 2791 1111 2826 ξ
1128 2797 1146 2828 3
1152 2788 1262 2830 furor
1275 2799 1306 2821 n.

68 2870 69 2874 ,
114 2831 265 2867 make
282 2833 446 2866 ‘concedo
461 2838 498 2866 ut
523 2833 599 2866 aliis
619 2835 683 2866 ista
706 2833 886 2876 explicatio
1004 2834 1051 2865 18.
1087 2836 1166 2864 :ta-m
1203 2836 1250 2864 ab
1287 2835 1568 2864 admoneam:
1607 2831 1727 2864 Cicero

79 2917 80 2920 Ἴ
110 2877 176 2918 'unt
189 2875 325 2920 elegans
338 2882 397 2910 aut
411 2878 594 2910 necessaria
609 2878 779 2915 videatur3
803 2876 887 2908 mihi
955 2876 1055 2909 refers
1074 2886 1109 2908 to
1126 2875 1182 2908 the
1198 2876 1307 2908 action
1329 2875 1367 2907 os
1385 2875 1556 2908 Domitius
1577 2885 1612 2906 as
1628 2886 1725 2917 quae·

71 2942 75 2963 5
114 2919 375 2965 :pandetur
394 2920 546 2954 sedulum
572 2919 824 2954 annotatorem?
870 2921 887 2953 1
956 2926 1025 2952 stor
1049 2920 1081 2951 in
1105 2919 1146 2962 67
1171 2927 1236 2952 13.c.
1262 2919 1390 2962 against
1414 2919 1469 2951 the
1496 2919 1601 2951 bands
1625 2919 1663 2950 of
1686 2919 1726 2951 C.

115 2971 175 3000 m
187 2968 248 2998 not
262 2974 336 2997 sure
349 2964 423 2997 that
438 2964 480 2997 he
494 2965 524 2998 is
538 2970 596 2998 not
613 2965 711 3008 right.
956 2964 1126 2996 Manilius.
1184 2964 1356 3002 Asconius,
1379 2964 1413 2994 in
1436 2963 1581 3002 Cornel.,
1597 2962 1674 2995 tells
1689 2973 1727 2994 us

81 3010 85 3042 ⁴.
132 3020 137 3025 ’
163 3017 215 3042 ιο.
249 3011 414 3048 opumo-
456 3012 586 3042 viros:
630 3008 804 3052 Landgraf
844 3019 886 3041 on
956 3007 1028 3041 that
1044 3007 1203 3040 Manilius
1219 3007 1252 3039 in
1268 3008 1350 3040 Dec.
1367 3007 1408 3049 67
1427 3006 1571 3049 brought
1587 3006 1727 3039 sorward

894 3071 970 3105 C2
