1942 3236
606 185 684 226 IN
718 185 1166 229 MILONIANAM.
1607 200 1690 246 115

24 318 50 365 ,g
84 303 308 357 interesse,
338 316 476 346 unum
518 316 620 345 eum
661 304 812 346 excuti
853 304 975 360 prius
1015 319 1149 360 quarn
1192 306 1236 347 in
1271 312 1470 348 senatum
1508 306 1690 350 intraret

85 369 281 417 iusserat.
355 373 456 416 Hae
495 379 599 416 sunt
644 373 918 427 suspiciones
961 387 1072 429 quas
1121 388 1167 416 se
1211 375 1367 417 Cicero
1409 376 1516 418 dicit
1556 377 1689 430 perti-

23 438 46 511 {s
86 455 289 492 mescere.

31 513 50 562 ἔ,
138 507 186 569 (ᾗ
211 510 298 568 71.)
338 511 477 568 Quid
508 511 642 554 enim
674 511 840 554 minus
871 511 965 554 illo
993 512 1205 567 dignum
1237 527 1389 568 quam
1417 529 1615 569 cogere,
1637 521 1691 557 ut

32 575 174 637 §vos
212 594 327 625 eum
367 576 739 632 condemnetis,
775 582 824 623 in
857 596 1006 637 quem
1043 583 1459 626 animadvertere
1495 585 1606 639 ipse
1641 590 1691 626 et

34 643 45 694 ³,
85 662 224 696 more
253 650 506 694 maiorum
536 656 589 694 et
618 664 712 693 suo
749 651 859 693 iure
893 655 1103 706 posset?
1153 653 1243 694 sed
1282 653 1544 706 praesidio
1580 667 1693 695 esse

38 710 51 725 i
83 724 130 765 et
157 725 315 764 cetera.

145 788 276 837 Idem
305 789 359 832 Τ.
389 789 620 832 Munatius
650 789 848 842 Plancus,
871 795 920 832 ut
948 804 1080 845 saepe
1106 790 1315 841 diximus,
1339 799 1441 846 post
1469 792 1620 833 audita
1648 798 1693 833 et

84 857 318 916 obsignata
339 859 522 902 testium
542 860 679 901 verba
699 860 992 914 dimissosque
1014 859 1189 901 interim
1220 861 1384 903 iudices
1405 868 1563 903 vocata
1589 875 1692 903 con-

25 926 206 976 §stione
230 928 492 972 cohortatus
515 934 610 972 erat
632 929 863 984 populum,
886 936 935 972 ut
963 929 1094 971 clusis
1123 930 1318 972 tabernis
1348 936 1525 985 postero
1546 931 1616 972 die
1638 931 1694 972 ad

54 995 298 1045 ‘'iudicium
317 999 493 1042 adesset
515 1012 594 1042 nec
615 1004 840 1054 pateretur
860 999 975 1042 elabi
999 999 1225 1041 Milonem.

145 1065 188 1126 (ἦ
220 1065 308 1126 87.)
360 1068 738 1111 Incidebantur
773 1069 872 1111 iam
906 1069 1043 1111 domi
1075 1067 1230 1123 leges,
1250 1083 1381 1124 quae
1414 1083 1505 1111 nos
1543 1068 1696 1111 servis

89 1137 284 1181 nostris
303 1138 624 1181 addicerent.

147 1206 433 1264 significasse
452 1207 542 1250 iam
564 1215 676 1263 puto
698 1222 778 1251 nos
800 1207 935 1250 fuisse
955 1209 1069 1251 inter
1090 1209 1208 1264 leges
1232 1209 1277 1250 P.
1297 1207 1441 1258 Clodi,
1455 1221 1565 1263 quas
1587 1209 1698 1250 ferre

33 1283 514 1334 ispi-oposueraneam
547 1291 737 1332 quoque,
769 1292 858 1333 qua
894 1278 1098 1329 libertini,
1130 1279 1204 1333 qui
1236 1292 1324 1320 non
1356 1278 1455 1332 plus
1487 1291 1621 1332 quam
1654 1278 1697 1318 in

93 1345 257 1403 (IIII)
280 1346 483 1390 tribubus
503 1347 760 1403 suffragium
791 1347 1001 1396 serebant,
1024 1354 1204 1403 possent
1236 1348 1279 1389 in
1311 1348 1481 1389 rusticis
1519 1361 1698 1402 quoque

90 1414 304 1466 trihubus,
327 1429 443 1471 quae
462 1417 667 1472 propriae
687 1418 981 1472 ingenuorum
1003 1424 1117 1469 sunt,
1138 1418 1261 1460 ferre.

149 1480 195 1541 (ἧ
229 1481 317 1541 88.)
362 1483 602 1536 Senatus,
642 1485 810 1536 credo,
851 1491 1147 1541 praetorem
1189 1499 1301 1527 eum
1344 1485 1699 1540 circumscrip-

92 1553 259 1597 sisset.
317 1553 394 1597 Ne
433 1567 547 1596 cum
588 1554 792 1597 solebat
833 1555 1041 1609 quidem
1087 1555 1138 1596 id
1179 1554 1363 1606 facere,
1401 1555 1450 1596 in
1492 1556 1700 1611 privato

33 1637 77 1674 ao
93 1623 275 1667 eodem
296 1622 392 1668 hoc
412 1623 614 1680 aliquid
626 1626 948 1681 profecerat.-

105 1714 109 1716 -
151 1692 387 1750 Significat
426 1695 471 1737 id
513 1700 692 1751 tempus
732 1709 822 1751 quo
861 1696 907 1737 P.
946 1695 1138 1743 Clodius,
1175 1710 1271 1737 cum
1310 1695 1456 1737 adhuc
1494 1702 1702 1750 quaestor

94 1763 354 1820 designatus
381 1770 513 1818 esset,
531 1765 765 1821 deprensus
793 1771 871 1816 est,
892 1779 993 1807 cum
1023 1766 1228 1808 intrasset
1253 1780 1320 1816 eo,
1341 1766 1415 1807 ubi
1441 1765 1701 1808 sacrificium

93 1846 177 1889 pro
204 1831 212 1891 Ι
235 1833 404 1891 populo
428 1835 636 1878 Romano
657 1835 806 1878 fiebat.
867 1835 1002 1890 Quod
1031 1836 1196 1878 factum
1225 1843 1428 1878 notatum
1454 1842 1547 1878 erat
1565 1837 1707 1891 gravi
1722 1845 1770 1875 53

97 1898 142 1947 S.
164 1900 232 1955 C.,
251 1904 568 1961 decretumque
588 1912 716 1948 extra
737 1905 939 1948 ordinem
960 1905 1012 1947 de
1031 1919 1081 1947 ea
1101 1919 1149 1947 re
1169 1905 1378 1948 iudicium
1401 1904 1538 1948 fieret.

96 2097 157 2128 not
179 2098 271 2128 enter
293 2094 424 2128 Rome:
454 2094 496 2128 cf,
517 2095 587 2127 Dio
611 2094 651 2128 C.
677 2095 723 2127 xl.
747 2103 790 2136 50
811 2094 871 2136 ἔξω

934 2094 1180 2137 voting-power
1201 2106 1269 2127 was
1291 2095 1489 2127 diminished
1515 2096 1559 2137 by
1573 2106 1593 2127 a
1608 2095 1707 2127 series

97 2138 158 2172 τοῦ
171 2137 335 2188 πωμῃρίου
355 2138 434 2181 πρὸς
456 2139 504 2180 τῷ
527 2137 651 2180 θεάτρῳ
670 2139 773 2171 αὐτοῦ
798 2164 805 2171 .
830 2164 838 2172 .
862 2163 871 2171 .

934 2139 973 2171 of
998 2139 1209 2172 restrictions.
1256 2140 1293 2171 In
1329 2139 1390 2182 169
1418 2147 1491 2171 B.C.
1518 2140 1595 2180 they
1622 2150 1707 2172 were

145 2235 196 2260 ιο.
229 2193 352 2260 οἶῖιὶ·
373 2230 568 2260 uberum:
592 2226 633 2260 cf.
660 2227 723 2260 Ac.
746 2226 781 2259 ii.
810 2236 873 2268 144

42 2294 51 2299 2
98 2269 294 2303 utseditiosi
306 2269 443 2303 tribuni
455 2270 568 2311 solent,
579 2270 707 2303 occludi
720 2270 874 2303 tabernas

44 2332 53 2353 ς
98 2313 216 2348 iubes?
237 2315 339 2347 Dom.
357 2315 411 2357 89,
428 2323 483 2357 90.

101 2400 111 2410 ·
147 2366 198 2392 12.
223 2361 322 2391 inm:
360 2358 546 2402 ‘probably
570 2357 665 2391 when
691 2362 873 2408 comment-

99 2401 391 2496 issfisfiffwiiissh
402 2403 539 2497 Ἦῖῗοῗ)
552 2403 789 2489 (ἶῖιεαζξςεέἓε
803 2403 876 2477 ²¹22}

101 2488 266 2566 {gaen
288 2489 382 2523 dabis
411 2490 532 2533 qutbus
561 2495 713 2528 ostentas,
740 2489 874 2522 occurs’

47 2598 50 2599 ν
150 2585 203 2619 15.
234 2581 435 2610 ubet-unit
466 2578 558 2611 these
583 2578 764 2620 originally
790 2587 876 2609 were

48 2636 50 2639 ’
103 2620 208 2654 under
234 2631 280 2654 no
302 2621 510 2654 disabilities.
556 2622 592 2654 Is
608 2622 686 2664 they
701 2621 877 2664 possessed

27 2679 32 2686 ¹
50 2693 60 2698 ..
102 2663 182 2697 land
195 2665 274 2708 they
288 2665 390 2698 voted
405 2665 439 2698 in
454 2665 510 2698 the
525 2666 636 2703 tribes,
654 2666 720 2698 and
733 2666 762 2698 if
771 2665 875 2708 quali—

27 2725 32 2734 ·
102 2706 169 2741 fied
193 2709 239 2751 by
253 2719 377 2749 census,
402 2709 437 2742 in
462 2709 520 2742 the
543 2710 677 2742 various
698 2709 819 2742 classes
843 2708 882 2741 of

102 2751 161 2786 the
186 2753 357 2786 centuries.
403 2753 537 2796 Appius
561 2753 735 2793 Claudius,
762 2763 878 2786 censor

105 2804 168 2848 31²
199 2804 290 2836 B.c.‚
330 2801 389 2839 put
423 2796 590 2829 freedmen
625 2797 765 2829 without
798 2796 876 2828 land

103 2843 176 2873 mto
205 2839 261 2874 the
286 2840 398 2878 tribes,
428 2841 494 2872 and
523 2841 602 2874 then
633 2840 810 2882 according
840 2844 877 2871 to

103 2893 220 2916 means
248 2883 321 2916 into
345 2884 403 2918 the
425 2884 685 2927 corresponding
706 2884 878 2917 centuries.

105 2926 172 2960 His
186 2937 351 2960 mensures
364 2938 450 2960 were
465 2928 611 2961 reversed
630 2929 673 2970 by
686 2928 726 2970 Q.
743 2928 877 2966 Fabius,

104 2980 220 3005 censor
234 2980 302 3014 304
321 2979 352 3004 13.
365 2979 409 3013 c.‚
425 2971 508 3005 after
521 2972 631 3005 which
655 2971 770 3014 pen'od
791 2971 878 3004 their

935 2183 1015 2224 only
1031 2183 1172 2215 allowed
1188 2188 1224 2215 to
1240 2188 1317 2216 vote
1333 2184 1366 2215 in
1383 2193 1445 2215 one
1461 2184 1527 2225 city
1543 2183 1636 2222 tribe,
1650 2183 1706 2215 the

936 2227 1118 2269 Esquiline,
1138 2227 1248 2260 which
1264 2238 1332 2259 was
1347 2227 1468 2259 chosen
1487 2228 1530 2268 by
1541 2227 1599 2258 lot.
1623 2227 1707 2259 This

936 2271 1707 2357 {zsszzssfssffsezpssssffi22⁰¹312⁶50h3¹202ss323

937 2363 973 2390 to
990 2358 1127 2390 exclude
1143 2359 1233 2391 them
1249 2359 1444 2401 altogether.
1491 2358 1658 2400 Sulpicius
1674 2358 1707 2389 in

937 2403 979 2434 88
998 2410 1027 2433 Β.
1041 2410 1071 2434 C.
1091 2402 1254 2444 proposed
1271 2407 1306 2434 to
1323 2403 1428 2434 admit
1446 2401 1535 2435 them
1548 2407 1584 2434 to
1595 2402 1639 2433 all
1653 2401 1709 2433 the

936 2446 1048 2478 tribes.
1097 2446 1162 2478 His
1174 2457 1321 2478 measure
1333 2457 1401 2478 was
1415 2446 1532 2487 passed
1544 2446 1588 2487 by
1600 2445 1709 2478 Cinna

938 2490 971 2521 in
1000 2491 1052 2530 84,
1079 2489 1139 2521 but
1172 2489 1342 2522 cancelled
1373 2491 1416 2531 by
1440 2489 1542 2521 Sulla.
1588 2490 1619 2521 It
1642 2498 1710 2520 was

938 2533 1070 2566 revived
1086 2533 1118 2564 in
1136 2532 1178 2565 66
1196 2535 1239 2575 by
1254 2533 1424 2572 Manilius,
1435 2533 1501 2565 and
1517 2543 1593 2565 now
1607 2532 1708 2565 advo-

938 2577 1035 2609 cated
1052 2578 1096 2618 by
1112 2577 1263 2609 Clodius.
1299 2577 1359 2609 See
1376 2578 1574 2616 Mommsen,
1586 2577 1710 2609 Staats-

938 2621 1044 2659 recht,
1059 2621 1107 2652 iii.
1127 2620 1148 2652 i.
1167 2630 1331 2662 434-440.

987 2673 1037 2696 21.
1061 2669 1238 2702 quae-tor
1269 2668 1513 2702 designatus:
1546 2663 1710 2697 Asconius

939 2718 1080 2750 appears
1103 2714 1138 2740 to
1162 2708 1258 2740 think
1284 2708 1356 2740 that
1383 2708 1524 2741 Clodius
1547 2718 1616 2739 was
1638 2717 1710 2740 cen-

940 2751 1036 2784 sured
1075 2752 1119 2794 by
1148 2752 1204 2784 the
1242 2757 1364 2790 senate,
1396 2752 1461 2783 and
1498 2763 1540 2783 an
1575 2751 1712 2793 enquiry

940 2795 1088 2833 ordered,
1105 2795 1208 2837 besbre
1223 2795 1264 2827 he
1280 2795 1413 2827 entered
1429 2806 1517 2838 upon
1534 2795 1585 2827 his
1607 2795 1712 2827 office.

941 2839 998 2871 He
1018 2838 1141 2878 would,
1157 2839 1315 2877 however,
1340 2839 1476 2871 become
1498 2843 1651 2882 quaestor
1669 2849 1712 2870 ou

940 2883 1023 2915 Dec.
1041 2891 1070 2923 5,
1089 2883 1145 2914 the
1169 2882 1233 2924 day
1257 2883 1339 2915 after
1364 2883 1436 2915 that
1460 2893 1502 2915 on
1525 2883 1633 2915 which
1656 2882 1713 2914 the

940 2926 1075 3009 οἱῌεξιεὸεὸ
1082 2936 1150 2958 was
1166 2926 1198 2958 in
1215 2926 1261 2958 all
1277 2927 1482 2969 probability
1497 2926 1691 2959 committed
1704 2937 1712 2959 ι

939 2981 957 3002 c
970 2993 979 3002 .
1092 2980 1128 3002 n.

887 3034 953 3068 12
