1942 3236
280 202 367 246 126
568 200 791 244 SCHOL.
831 200 972 242 ΒΟΒ.
1013 199 1091 240 IN
1128 198 1224 240 ΟΕ.
1265 197 1397 239 PRO
1435 196 1568 238 MIL.

278 319 340 360 M.
362 318 562 361 Antonio
588 318 708 372 quod
730 318 803 366 ait,
825 323 869 359 et
891 316 935 357 in
959 315 1183 370 Filippicis
1210 313 1403 356 secunda
1425 313 1622 356 oratione
1641 312 1726 356 hoc
1747 312 1864 355 idem

276 393 548 430 contestatur
575 386 644 428 his
675 393 722 428 ut
753 386 908 440 opinor
936 384 1106 426 verbis:
1147 384 1382 438 ‘quidnam
1413 382 1615 424 homines
1646 387 1864 438 putarent,

276 456 311 498 si
341 462 435 497 tum
467 456 633 498 occisus
665 461 789 503 esset,
813 468 913 495 cum
943 460 992 496 tu
1023 452 1144 495 illum
1179 453 1221 494 in
1255 452 1362 500 foro,
1396 452 1669 505 inspectante
1700 449 1869 506 populo

278 525 492 575 Romano,
513 524 662 578 gladio
694 524 913 565 insecutus
944 537 1001 574 es,
1024 522 1336 576 negotiumque
1364 519 1659 574 transegisses‚
1681 519 1763 561 nisi
1794 518 1869 561 ille

276 594 320 634 in
341 593 481 634 scalas
501 594 710 634 tabernae
732 592 932 634 librariae
953 605 1000 633 se
1019 591 1306 633 conzecz'sset.
1368 621 1378 630 .
1439 622 1448 632 .
1507 621 1516 631 .
1647 638 1655 645 ·
1888 603 1907 637 5
1940 606 1942 609 ¹

1937 579 1942 582 .
1932 515 1942 549 ,Λα

335 678 357 731 ξ
398 688 464 731 47.
517 678 677 720 Scitis
717 677 889 728 fuisse,
930 676 1019 731 qui
1059 676 1107 717 in
1150 675 1244 717 hac
1290 674 1564 728 rogatione
1603 673 1869 716 suadenda
1936 698 1942 718 2·

275 746 485 797 diceret,
527 746 740 787 Milonis
795 759 943 787 manu
993 744 1201 787 caedem
1250 758 1363 786 esse
1405 743 1608 794 factam,
1647 742 1869 786 consilio

275 828 398 856 vero
440 815 646 856 maioris
689 814 920 856 alicuius.

335 888 573 943 Interrupit
604 889 897 930 exsecutionis
926 901 1100 929 cursum
1133 886 1249 929 facta
1281 917 1290 927 .
1321 920 1329 929 .
1365 918 1374 928 .
1406 893 1584 942 propter
1613 900 1738 930 suam
1769 900 1868 941 per-

275 971 441 1009 sonam,
475 958 530 999 de
561 972 648 1012 qua
678 957 901 999 infamiam
934 962 1148 1007 severant,
1186 956 1309 1010 quasi
1341 963 1495 998 auctor
1527 963 1572 999 et
1601 956 1869 999 consiliarius
1891 975 1933 999 10

278 1025 433 1066 Miloni
451 1025 602 1068 fuisset
619 1026 662 1067 in
683 1040 831 1068 necem
851 1025 1008 1068 Clodii.
1055 1024 1155 1066 Hoc
1177 1024 1429 1066 brevissime
1451 1030 1625 1079 purgat,
1642 1025 1678 1066 si
1699 1030 1870 1068 constet

277 1108 365 1136 non
388 1095 430 1136 in
451 1096 520 1137 via
543 1095 749 1144 futurum,
773 1096 849 1136 sed
874 1095 1013 1148 magis
1035 1095 1078 1135 in
1099 1094 1279 1135 Albano
1302 1093 1433 1136 fuisse
1454 1108 1720 1137 mansurum.

335 1181 446 1234 §49.
481 1181 701 1222 Primum
733 1180 860 1222 nihil
892 1185 1003 1222 erat
1034 1193 1121 1221 cur
1150 1185 1425 1233 properato
1456 1194 1585 1234 opus
1609 1186 1763 1223 esset.

333 1258 533 1299 Verbum
565 1258 647 1300 hoc
679 1258 944 1312 properandi
975 1271 1062 1299 non
1093 1270 1190 1297 sum
1223 1257 1392 1298 nescius
1423 1263 1532 1312 aput
1562 1258 1779 1312 quosdam
1803 1257 1869 1299 in-

277 1327 527 1368 differenter
553 1327 704 1381 accipi,
726 1341 777 1367 ac
808 1326 951 1368 solere
981 1339 1116 1367 unum
1147 1326 1285 1367 videri
1314 1326 1518 1368 festinare
1547 1333 1592 1369 et
1622 1317 1870 1382 properare.
1891 1340 1929 1373 15

276 1395 436 1436 Visum
477 1402 544 1437 est
585 1396 718 1449 igitur
759 1395 866 1436 mihi
907 1401 1088 1450 propter
1128 1408 1216 1445 θος,
1257 1396 1415 1449 quibus
1455 1395 1633 1451 aliquod
1674 1397 1870 1439 studium

277 1465 449 1519 proprie
484 1465 691 1518 loquendi
728 1471 805 1514 est,
836 1470 1014 1506 auctore
1049 1464 1145 1519 ipso
1180 1464 1242 1505 M.
1277 1463 1447 1506 Catone
1479 1465 1590 1507 haec
1619 1466 1753 1508 verba
1782 1466 1872 1508 dis-

277 1534 500 1586 tinguere:
533 1534 695 1588 quippe
725 1532 832 1574 aliut
862 1546 957 1575 esse
988 1546 1232 1587 properare,
1264 1532 1373 1574 aliut
1405 1533 1623 1583 festinare,
1653 1534 1748 1589 ipse
1778 1548 1871 1583 nos,

279 1607 328 1643 ut
373 1603 587 1653 dicebam,
629 1602 743 1644 Cato
791 1602 944 1644 docuit
987 1602 1031 1643 in
1076 1602 1284 1654 oratione,
1331 1616 1446 1656 quae
1493 1603 1739 1646 inscribitur
1777 1608 1867 1645 ‘DE

277 1679 496 1712 VIRTUTE
520 1680 615 1716 sUA
636 1679 837 1713 CONTRA
859 1670 1142 1713 THERMUM.'
1204 1671 1312 1712 Eius
1335 1672 1467 1725 igitur
1486 1672 1619 1714 verba
1640 1685 1873 1727 ponamus,
1892 1683 1934 1707 20

278 1739 352 1793 qui
372 1739 433 1780 sic
454 1739 540 1781 ait:
571 1743 703 1781 ‘NAM
732 1749 886 1782 ALIUT
910 1749 1211 1790 PROPERARE‚
1233 1750 1387 1783 ALIUT
1416 1749 1709 1783 FESTINARE.
1771 1739 1871 1795 QUI

280 1817 427 1850 UNUM
450 1817 689 1858 QUODQUE
719 1817 928 1861 MATURE
960 1818 1243 1859 TRANSIGIT,
1266 1818 1548 1852 PROPERAT:
1580 1819 1668 1861 QUI
1697 1819 1873 1853 MULTA

281 1885 433 1919 SIMUL
456 1886 640 1918 INCIPIT
661 1886 831 1927 NEQUE
855 1887 1096 1928 PERFICIT,
1117 1877 1388 1920 FESTINAT.’

338 1962 361 2016 ξ
412 1974 505 2004 102.
569 1961 707 2015 Quid
760 1963 1087 2017 respondebo
1138 1963 1317 2006 liberis
1367 1964 1523 2006 meis?
1592 1965 1714 2019 quid
1762 1964 1872 2017 tibi,

281 2029 475 2084 Quinte
505 2031 696 2072 frater?
1891 2050 1930 2083 ²5

340 2110 721 2165 Opportunissime
762 2110 979 2152 fortunam
1024 2111 1202 2153 Milonis
1238 2126 1316 2166 per
1355 2119 1497 2156 totam
1529 2115 1711 2157 domum
1747 2129 1872 2158 suam

281 2178 581 2233 familiamque
611 2180 920 2231 communicat,
952 2186 1000 2221 ut
1036 2188 1303 2235 congregata
1341 2196 1418 2235 per
1453 2183 1614 2226 multos
1650 2185 1873 2227 miseratio

282 2249 424 2302 magis
449 2254 726 2289 commoveat
754 2248 952 2290 adfectus
1029 2250 1183 2291 Frater
1209 2256 1358 2292 autem
1381 2251 1602 2294 Ciceronis
1623 2252 1676 2308 Q.
1699 2253 1872 2296 Tullius

281 2317 500 2371 legatione
521 2323 624 2358 tunc
646 2317 688 2357 in
711 2317 854 2358 Gallia
874 2324 980 2371 aput
1001 2319 1243 2360 exercitum
1268 2319 1466 2362 Caesaris
1482 2321 1757 2376 fungebatur.

342 2402 363 2456 ξ
394 2410 483 2453 105.
513 2401 620 2443 Vos
656 2416 745 2444 oro
790 2402 1140 2457 obtestorque,
1187 2404 1396 2457 iudices,
1427 2412 1481 2448 ut
1516 2406 1566 2448 in
1596 2408 1872 2451 sententiis
1891 2416 1934 2449 30

283 2470 509 2512 ferundis
540 2472 677 2523 quod
708 2471 964 2520 sentiatis,
994 2472 1043 2512 id
1075 2472 1322 2515 audeatis.

340 2550 588 2592 Destiturus
619 2556 764 2591 orator
794 2550 853 2591 ibi
890 2550 1021 2592 finem
1057 2552 1215 2605 posuit,
1247 2553 1321 2594 ubi
1353 2554 1548 2596 maxime
1579 2556 1872 2598 necessarium

281 2617 521 2665 videbatur,
544 2629 597 2656 ne
619 2616 781 2658 iudices
803 2616 846 2657 in
867 2617 1193 2671 pronuntiando
1217 2619 1476 2674 Pompeium
1504 2620 1720 2673 timerent,
1740 2635 1872 2676 quem

281 2691 556 2740 praesentem
577 2690 791 2726 verentur.
