1942 3236
270 671 743 741 SCHOLIA
808 678 1389 745 BOBIENSIA
1456 685 1562 746 IN

482 806 642 869 OR.
708 807 900 871 PRO
968 809 1364 874 MILONE

180 1020 215 1065 [1
237 1019 318 1064 only
337 1020 415 1064 give
437 1032 458 1054 a.
480 1021 653 1062 selectim,
677 1022 768 1055 since
791 1034 811 1055 a
837 1023 977 1056 number
999 1024 1039 1057 of
1057 1024 1148 1057 these
1171 1031 1266 1058 notes
1291 1037 1346 1059 are
1369 1027 1459 1069 quite
1482 1027 1655 1060 valueless.

243 1081 440 1116 Deviations
461 1082 548 1116 from
568 1082 625 1116 the
647 1087 717 1116 text
740 1083 779 1115 of
798 1083 904 1116 Orelli
928 1095 983 1117 are
1006 1086 1163 1118 recorded
1183 1087 1217 1119 in
1238 1087 1295 1120 the
1316 1087 1445 1121 critical
1465 1087 1590 1130 notes]

589 1283 1239 1339 ARGUMENTUM.

209 1447 220 1458 .
252 1446 262 1456 .
293 1413 379 1458 cho
399 1422 518 1459 esset
539 1416 763 1470 utrimque
785 1416 899 1458 inter
919 1430 1067 1459 servos
1089 1417 1279 1459 obhorta
1294 1418 1498 1477 jurgiosa
1525 1420 1720 1470 certati0‚

108 1489 155 1528 et
174 1485 232 1528 ad
252 1484 427 1542 gladios
448 1499 589 1541 usque
610 1500 865 1541 processum
880 1502 892 1536 ;
925 1492 974 1528 ut
1006 1493 1128 1529 metu
1149 1488 1422 1543 peragitatus
1448 1489 1505 1530 ad
1527 1489 1720 1531 Bovillas

107 1553 153 1599 in
183 1555 478 1611 cauponulam
508 1556 735 1611 quandam
768 1555 815 1597 P.
852 1554 1035 1598 Clodius
1066 1556 1235 1612 fugiens
1266 1558 1526 1600 concederet
1543 1573 1553 1610 3
1586 1572 1719 1613 quem

69 1641 89 1676 5
107 1625 244 1667 secuti
273 1639 362 1667 non
392 1639 472 1667 sua
499 1631 670 1680 sponte,
693 1631 742 1667 ut
765 1625 810 1667 in
838 1625 920 1668 hac
940 1625 1204 1668 defensione
1226 1627 1397 1669 Tullius
1423 1627 1618 1682 loquitur
1643 1642 1721 1682 pro

107 1694 175 1737 sui
205 1693 338 1740 officii
367 1695 641 1745 necessitate,
674 1696 752 1737 sed
786 1696 904 1738 iussu
936 1696 1116 1747 domini,
1147 1696 1221 1751 qui
1253 1696 1338 1739 hoc
1370 1698 1566 1740 maxime
1597 1712 1719 1753 prae-

107 1769 351 1820 optaverat,
372 1765 485 1807 servi
508 1759 692 1807 Milonis
721 1763 1031 1807 interemerint.
1094 1765 1201 1808 Post
1222 1766 1343 1821 quod
1372 1766 1541 1808 facinus
1563 1780 1719 1822 perpe-

106 1837 286 1886 tratum,
307 1840 352 1877 et
379 1833 537 1877 nuntio
559 1835 753 1877 Romam
781 1834 963 1890 perlato,
985 1834 1220 1877 vehemens
1248 1835 1291 1876 in
1319 1836 1534 1878 Milonem
1557 1836 1719 1878 invidia

105 1909 332 1947 commota
367 1911 462 1957 est;
508 1903 661 1947 adlato
703 1904 838 1947 etiam
873 1904 1085 1946 cadavere
1121 1904 1382 1947 nobilissimi
1423 1907 1638 1948 senatoris
1675 1912 1719 1948 et

48 1987 89 2012 ιο
105 1970 331 2029 popularis
350 1973 444 2016 viri.
506 1973 615 2017 Post
647 1974 849 2028 denique,
875 1974 1037 2017 iniecto
1068 1972 1112 2015 in
1137 1974 1306 2016 curiam
1338 1973 1580 2017 Hostiliam
1603 1974 1719 2019 faces

104 2041 331 2085 subiectae
370 2049 475 2086 sunt
509 2045 567 2086 ab
603 2041 860 2086 turbulenta
899 2049 944 2085 et
978 2043 1159 2086 sordida
1201 2043 1499 2096 multitudine,
1529 2044 1598 2087 cui
1629 2044 1718 2087 vita

106 2108 155 2153 P.
188 2109 318 2155 Clodi
348 2111 533 2155 nimium
562 2112 787 2156 fructuosa
817 2113 862 2154 in
892 2113 1179 2168 praeteritum
1212 2112 1356 2156 suerat
1391 2119 1436 2155 et
1466 2119 1570 2156 tunc
1601 2127 1718 2155 mors

103 2181 264 2224 acerba
293 2188 402 2225 erat.
464 2181 639 2237 Quibus
669 2182 811 2225 turbis
843 2188 887 2224 et
923 2182 1215 2225 seditionibus
1252 2183 1464 2224 adversus
1502 2182 1716 2224 Milonem

35 2270 38 2271 ⁷
102 2250 403 2308 flagrantibus,
433 2258 679 2296 convocato
717 2259 888 2304 senatu,
919 2252 1147 2295 decretum
1178 2258 1246 2294 est
1277 2252 1458 2295 caedem
1490 2252 1533 2294 in
1566 2252 1717 2308 Appia

32 2334 83 2372 15
101 2319 175 2363 via
204 2327 360 2364 contra
391 2334 485 2364 rem
516 2336 559 2377 p.
592 2335 688 2364 esse
719 2321 1018 2364 commissam.
1082 2320 1162 2364 Cn.
1195 2321 1327 2363 etiam
1362 2322 1610 2376 Pompeius,
1641 2322 1716 2376 qui

102 2387 208 2433 tunc
234 2391 327 2433 sine
351 2390 523 2446 collega
549 2392 730 2434 tertium
760 2391 1033 2434 consulatum
1062 2391 1257 2446 gerebat,
1280 2390 1380 2432 tulit
1406 2390 1563 2446 legem,
1585 2397 1633 2432 ut
1661 2391 1717 2432 de

24 2464 28 2468 ’
101 2460 259 2502 eadem
303 2462 441 2504 caede
480 2467 610 2503 extra
649 2461 851 2503 ordinem
891 2467 1186 2515 quaereretur.
1248 2459 1318 2501 Ac
1356 2460 1499 2515 primo
1536 2459 1715 2514 quidem

101 2528 268 2572 iudices
303 2531 598 2574 consederunt
639 2531 684 2573 in
720 2531 832 2572 aede
873 2529 1069 2573 Saturni.
1133 2529 1194 2572 Et
1235 2529 1499 2571 cernendam
1537 2542 1714 2571 causam

101 2610 183 2654 pro
212 2599 364 2642 debita
394 2600 720 2643 necessitudine
750 2613 831 2641 nec
858 2599 1002 2641 minus
1031 2604 1151 2648 voto,
1174 2611 1263 2652 quo
1292 2598 1453 2640 inimici
1483 2598 1547 2640 sui
1570 2598 1716 2640 interi-

44 2673 198 2711 notum
228 2668 548 2724 gratulabatur,
572 2669 727 2712 Cicero
755 2668 960 2724 suscepit.
1024 2667 1116 2710 Sed
1148 2667 1359 2722 quoniam
1391 2674 1435 2708 et
1461 2666 1716 2709 turbulenta

102 2749 172 2780 res
190 2745 287 2781 erat
307 2745 353 2781 et
373 2739 571 2781 consessa
592 2739 752 2781 caedes
774 2745 818 2781 et
840 2738 896 2780 ad
918 2737 1181 2779 seditionem
1204 2735 1395 2792 populus
1417 2735 1716 2778 inflammatus

101 2813 148 2850 et
182 2807 484 2864 circumpositi
518 2808 681 2850 iudicio
718 2807 890 2858 milites,
924 2812 969 2848 et
1004 2819 1093 2848 non
1117 2806 1247 2860 longe
1283 2806 1534 2859 praesidens
1565 2804 1713 2847 consul

101 2876 197 2933 ipse
219 2877 455 2932 Pompeius
487 2877 653 2920 obnixe
680 2878 864 2920 studens
887 2876 931 2917 in
961 2876 1292 2918 damnationem
1322 2874 1513 2924 Milonis,
1535 2874 1714 2930 perferri

102 2945 298 2989 defensio
323 2947 407 2989 ista
429 2960 519 2989 non
550 2947 717 3001 potuit:
749 2960 853 2988 nam
886 2952 1006 2987 metu
1037 2950 1340 2988 consternatus
1361 2951 1404 2986 et
1427 2944 1520 2998 ipse
1542 2943 1715 2986 Tullius
