1942 3236
250 240 306 285 74
713 226 779 270 M.
830 226 1022 268 TULLI
1058 225 1397 269 CICERONIS

249 351 498 387 nostrorum
530 343 757 398 sapientia,
781 343 856 397 qui
885 356 1021 394 sacra,
1042 342 1116 396 qui
1144 342 1443 393 caerimonias,
1472 339 1547 396 qui
1577 340 1770 397 auspicia
1797 346 1844 384 et

181 389 231 475 δὲ
250 414 332 468 ipsi
347 413 619 455 sanctissime
635 412 865 454 coluerunt
882 420 925 453 et
942 411 1069 453 nobis
1086 412 1175 453 suis
1192 411 1379 466 posteris
1395 410 1696 464 prodiderunt.
1746 409 1841 458 Est,

248 489 314 525 est
336 482 410 524 illa
430 481 507 532 vis,
529 481 736 536 profecto,
761 494 903 535 neque
929 480 975 521 in
1004 479 1072 521 his
1102 480 1357 535 corporibus
1380 484 1514 533 atque
1539 479 1583 520 in
1601 477 1684 521 hac
1705 478 1843 521 imbe-

248 551 429 593 cillitate
451 557 601 592 nostra
629 551 741 592 inest
769 550 998 604 quiddam,
1026 549 1146 603 quod
1167 549 1313 603 vigeat
1342 554 1387 590 et
1415 548 1589 596 sentiat,
1615 561 1701 590 non
1729 547 1844 589 inest

248 620 292 661 in
314 619 398 661 hoc
424 626 549 661 tanto
578 626 760 660 naturae
791 624 970 673 tamque
998 618 1223 671 praeclaro
1252 623 1402 666 motu3
1433 617 1514 658 nisi
1541 616 1653 658 forte
1680 616 1842 659 idcirco
1861 626 1879 660 5

248 671 652 743 noffp‘utantequia
674 701 762 729 non
785 694 968 741 apparet
989 700 1068 728 nec
1091 687 1290 737 cernitur,
1305 685 1490 739 proinde
1506 685 1630 740 quasi
1645 690 1842 727 nostram

248 757 389 812 ipsam
426 763 631 808 mentem,
665 770 751 810 qua
785 756 992 810 sapimus,
1027 769 1115 809 qua
1154 755 1448 809 providemus,
1481 767 1568 809 qua
1598 753 1710 796 haec
1747 753 1843 808 ipsa
1884 808 1891 813 ·

246 826 419 881 agimus
459 839 510 867 ac
540 825 738 875 dicimus,
769 824 918 866 videre
947 837 998 866 ac
1024 823 1167 878 plane,
1197 823 1338 877 qualis
1367 829 1444 864 aut
1475 822 1550 864 ubi
1581 822 1650 871 sit,
1681 821 1843 864 sentire

247 895 478 949 possimus.
541 894 610 935 Ea
649 894 714 935 vis
755 894 899 949 igitur,
943 906 1056 946 quae
1096 905 1227 947 saepe
1277 890 1553 933 incredibiles
1597 890 1699 933 huic
1744 890 1842 933 urbi

246 964 475 1005 felicitates
496 969 629 1016 atque
650 976 757 1017 opes
777 962 937 1012 attulit,
959 961 1078 1003 illam
1101 961 1337 1016 perniciem
1358 959 1574 1002 exstinxit
1589 972 1641 1001 ac
1656 958 1842 1011 sustulit,
1862 974 1903 997 10

248 1033 316 1075 cui
356 1032 545 1087 primum
587 1037 782 1072 mentem
820 1031 979 1080 iniecit,
1022 1037 1070 1072 ut
1111 1030 1154 1071 vi
1195 1029 1364 1070 irritare
1398 1028 1600 1083 ferroque
1631 1028 1842 1071 lacessere

246 1101 529 1143 fortissimum
550 1100 691 1141 virum
717 1101 899 1141 auderet
920 1100 1254 1152 vincereturque
1277 1098 1335 1139 ab
1357 1111 1423 1148 e0,
1444 1111 1576 1150 quern
1596 1097 1632 1138 si
1652 1097 1840 1146 vicisset,

182 1180 229 1210 85
248 1169 474 1211 habiturus
495 1175 609 1210 esset
631 1169 942 1222 impunitatem
965 1174 1009 1209 et
1033 1167 1256 1209 licentiam
1279 1166 1606 1220 sempiternam.
1654 1165 1758 1207 Non
1774 1172 1841 1208 est

247 1239 441 1279 humano
472 1236 663 1289 consilio,
695 1250 748 1277 ne
781 1237 988 1279 mediocri
1020 1236 1211 1290 quidem,
1238 1235 1417 1284 iudices,
1450 1235 1631 1276 deorum
1663 1234 1841 1276 immor-

246 1306 402 1349 talium
438 1320 540 1348 cura
572 1320 639 1348 res
671 1305 744 1346 illa
774 1306 979 1359 perfecta.
1043 1305 1266 1359 Regiones
1295 1302 1545 1345 mehercule
1573 1303 1706 1358 ipsae,
1726 1316 1842 1358 quae
1862 1319 1898 1352 15

293 1416 322 1439 2.
345 1411 402 1445 est,
420 1411 468 1438 est
485 1407 536 1438 Hs
552 1418 560 1439 ε
581 1411 612 1438 et
626 1411 672 1439 est
682 1417 749 1446 σχ;
773 1410 819 1438 est
831 1406 881 1445 T;
903 1410 950 1438 est
964 1406 1074 1447 igitur
1089 1406 1128 1437 E.
1269 1414 1299 1446 3.
1325 1405 1384 1436 illa
1399 1404 1449 1436 vis
1463 1403 1610 1446 profecto
1626 1404 1682 1438 H:
1701 1403 1841 1447 prosccto

247 1450 308 1482 illa
320 1451 371 1482 vis
387 1450 457 1482 rell.
663 1460 695 1491 4.
718 1460 785 1482 non
802 1450 899 1481 HTE
914 1461 921 1482 :
945 1455 975 1481 et
989 1460 1056 1481 non
1072 1451 1099 1480 δ.
1305 1458 1335 1489 5.
1360 1454 1492 1490 tamque
1508 1447 1555 1486 H,
1572 1448 1736 1481 Lambim:
1770 1452 1841 1480 tam

247 1494 326 1525 ΤΕδ
341 1505 348 1532 ;
371 1498 402 1525 et
416 1498 485 1525 tam
503 1494 618 1526 Halm.
751 1493 782 1525 6.
805 1499 950 1525 nostram
967 1493 1074 1534 ipsam
1091 1504 1098 1523 :
1120 1497 1265 1524 nostram
1282 1492 1349 1535 ilfisi
1368 1493 1407 1524 E.
1425 1492 1463 1523 F.
1481 1490 1670 1530 Eberhard3
1692 1495 1840 1527 nostram

248 1537 394 1579 ipsorum
412 1537 554 1569 Weiske.
724 1538 755 1568 8.
779 1547 818 1567 ac
834 1537 931 1578 plane
948 1537 982 1567 H
998 1547 1005 1568 z
1029 1541 1090 1567 aut
1098 1537 1201 1577 plane
1216 1536 1286 1567 rell.
1491 1543 1522 1576 9.
1547 1545 1588 1567 ea
1602 1535 1652 1567 vis
1666 1535 1766 1577 igitur
1781 1534 1818 1566 H
1831 1545 1845 1566 τ

246 1591 283 1612 ea
299 1581 350 1612 vis
366 1580 437 1621 ipsa
453 1580 563 1622 zjgitur
575 1580 624 1618 T;
641 1590 678 1612 ea
692 1581 745 1612 vis
761 1580 869 1621 zjgz'tur
885 1580 955 1621 {psa
972 1580 1019 1618 E;
1036 1590 1073 1610 ea
1088 1580 1150 1618 vis,
1166 1589 1203 1610 ea
1218 1583 1264 1610 est
1279 1578 1389 1620 agitur
1399 1589 1458 1619 σχ.
1650 1587 1699 1610 10.
1722 1577 1837 1610 illam:

247 1624 352 1664 ipsam
370 1625 409 1655 T.
592 1633 641 1665 15.
665 1625 813 1666 regiones
829 1624 890 1663 Hs,
908 1623 1125 1656 Gulielmius:
1150 1622 1323 1664 religiones
1338 1622 1458 1663 ΤΕσχ.
1545 1631 1628 1664 quae
1643 1621 1732 1655 HE:
1755 1631 1840 1664 quae

247 1677 321 1698 cum
337 1667 390 1698 Τσ
403 1678 411 1706 ;
434 1677 509 1699 cum
524 1678 573 1707 ςχ.

248 1761 394 1792 between
416 1760 555 1791 maiores
574 1760 683 1792 nostri
698 1760 762 1792 and
782 1761 890 1792 nostri
909 1760 1010 1792 maio-

249 1813 318 1840 res;
356 1803 410 1834 the
441 1804 561 1834 former
596 1803 712 1844 phrase
747 1804 775 1835 is
804 1803 885 1835 used
914 1804 1010 1835 when

249 1846 408 1878 attention
434 1847 462 1878 is
488 1847 599 1878 drawn
631 1851 665 1878 to
696 1847 798 1886 them,
826 1847 882 1879 the
913 1847 1011 1878 latter

248 1889 342 1920 when
366 1890 443 1931 they
465 1900 520 1921 are
542 1890 725 1922 contrasted
747 1891 828 1921 with
856 1890 950 1922 those
977 1890 1015 1921 of

250 1933 345 1964 other
360 1934 489 1964 nations
503 1944 510 1970 ;
534 1944 559 1965 e.
571 1944 603 1975 g.
621 1934 718 1965 Rosc.
734 1934 810 1965 Am.
831 1940 871 1974 70
887 1940 1010 1975 quanto

250 1976 360 2007 nostri
395 1977 534 2008 maiores
569 1977 757 2018 sapientius,
797 1977 901 2008 where
934 1977 1011 2018 they

249 2029 305 2050 are
328 2020 504 2060 compared
520 2020 600 2052 with
622 2021 677 2052 the
698 2020 891 2052 Athenians.
937 2020 1010 2051 The

250 2062 371 2093 climax
398 2063 472 2094 here
501 2073 604 2094 seems
631 2074 650 2094 a
677 2064 806 2095 curious
833 2073 894 2094 one
925 2068 960 2094 to
990 2074 1010 2094 a

250 2105 386 2136 modern
415 2106 537 2145 reader,
569 2107 624 2138 but
653 2108 680 2138 is
707 2106 949 2138 characteristic
976 2105 1015 2137 of

251 2148 381 2180 Roman
398 2149 508 2190 pride:
531 2150 565 2182 cf
590 2150 669 2191 Leg.
686 2150 768 2191 Agr.
785 2150 819 2182 ii.
837 2159 890 2191 95,
911 2152 970 2182 &c.

295 2201 324 2231 3.
347 2195 531 2229 profecto:
557 2195 607 2225 for
630 2194 684 2225 the
708 2194 851 2235 position
871 2193 910 2225 cf.
929 2196 944 2231 ξ
970 2201 1005 2223 21

250 2245 316 2267 non
339 2235 399 2266 suit
422 2246 460 2267 ea
483 2246 589 2274 causa,
613 2236 748 2275 iudices,
765 2235 914 2278 profecto.
961 2236 1010 2267 As

250 2279 438 2320 expressing
461 2290 480 2309 a
503 2286 616 2320 strong
639 2280 790 2321 personal
811 2280 1006 2318 conviction,

253 2324 269 2359 §
298 2331 314 2352 2
339 2331 386 2360 n.,
401 2322 544 2363 profecto
571 2323 598 2354 is
623 2323 790 2364 generally
813 2327 871 2364 put
897 2323 930 2354 in
954 2323 1009 2354 the

251 2364 345 2406 place
361 2365 399 2396 of
415 2366 591 2406 emphasis,
617 2366 636 2397 i.
648 2377 676 2399 e.
698 2372 731 2398 at
753 2367 809 2398 the
832 2366 1010 2408 beginning

252 2418 291 2440 or
306 2408 370 2439 end
386 2408 423 2439 of
433 2409 488 2440 the
504 2409 622 2442 clause.

294 2461 326 2492 4.
349 2461 424 2482 non
453 2455 555 2485 inest
575 2464 583 2484 ε
622 2453 673 2484 for
698 2453 753 2485 the
780 2453 1009 2486 coordination

251 2494 291 2526 cf.
316 2494 396 2536 Leg.
421 2495 454 2526 ii.
482 2494 520 2526 16
543 2496 706 2528 neminem
728 2522 734 2528 .
756 2520 764 2527 .
786 2520 795 2528 .
819 2501 889 2528 tam
912 2497 1010 2528 stulte

250 2542 466 2579 arrogantem,
484 2544 520 2571 ut
535 2540 568 2570 in
588 2550 621 2571 se
641 2540 803 2572 rationem
820 2545 852 2571 et
868 2545 1009 2571 mentem

247 2585 342 2622 putet
353 2581 464 2619 inesse,
479 2582 511 2613 in
525 2582 617 2614 eaelo
629 2584 817 2625 mundoque
830 2594 895 2615 non
901 2587 1009 2624 putet,

251 2635 271 2655 a
284 2635 358 2666 very
369 2625 494 2657 similar
509 2636 647 2667 passage
659 2626 692 2657 in
705 2627 798 2668 point
812 2627 850 2657 of
858 2627 1008 2668 thought.

251 2667 323 2699 The
339 2668 485 2700 addition
504 2669 542 2700 of
552 2674 584 2700 et
600 2669 708 2702 before
725 2681 791 2702 non
808 2671 841 2701 in
857 2669 914 2702 the
929 2671 1008 2702 dett.

251 2712 280 2742 is
295 2721 371 2752 very
387 2712 562 2753 inelegant.

297 2763 326 2794 5.
359 2759 508 2793 tamque
526 2767 533 2788 :
572 2755 610 2788 cf.
649 2757 725 2788 Div.
761 2757 796 2789 ii.
830 2766 869 2799 29
902 2767 1009 2788 rerum

250 2802 366 2829 natura
398 2803 489 2830 tanta
520 2803 651 2842 tamque
681 2800 858 2842 praeclara.
910 2800 1009 2832 Tusc.

254 2842 296 2872 D.
313 2851 343 2872 v.
364 2848 400 2881 72
418 2846 468 2873 tot
488 2847 555 2874 tam
577 2843 736 2885 variisque
758 2843 940 2881 virtutibus,
963 2844 1008 2875 ib.

250 2888 301 2915 tot
322 2886 483 2926 tantisque
506 2887 645 2926 gaudiis,
661 2887 702 2918 de
719 2887 789 2919 Inv.
805 2887 839 2919 ii.
857 2887 898 2918 86
918 2892 1009 2919 tanta

249 2931 281 2959 et
291 2932 359 2959 tam
371 2929 541 2970 perspicua
554 2930 703 2968 audacia,
717 2931 760 2961 N.
770 2930 854 2962 D.ii.
867 2940 920 2972 92,
936 2931 1009 2962 Fin.

249 2970 291 3003 iv.
306 2981 355 3014 29,
369 2974 430 3004 &c.
473 2973 542 3014 Que
561 2973 621 3016 [sc.
633 2973 681 3015 q.]
698 2974 758 3005 has
773 2974 922 3016 dropped
939 2979 1009 3014 out,

1077 1764 1191 1801 except
1206 1760 1239 1791 in
1254 1760 1299 1799 H,
1311 1759 1422 1792 before
1426 1764 1464 1802 p.
1513 1760 1544 1792 It
1559 1770 1627 1792 was
1641 1758 1782 1792 inserted
1792 1759 1838 1800 by

1077 1803 1267 1841 Lambinus,
1299 1803 1492 1845 apparently
1521 1803 1606 1836 from
1643 1802 1835 1844 conjecture.

1078 1846 1131 1879 Cf.
1149 1846 1294 1885 Kiihner,
1314 1847 1347 1879 ii.
1367 1850 1383 1885 5
1404 1855 1477 1887 152.
1495 1855 1522 1879 1.

1122 1889 1152 1921 6.
1169 1899 1244 1921 non
1257 1895 1394 1927 putant
1408 1902 1416 1921 ι
1439 1900 1484 1923 sc.
1499 1890 1611 1922 inesse.
1640 1888 1776 1922 Similar
1789 1888 1838 1921 el-

1077 1932 1178 1974 lipses
1208 1943 1263 1965 are
1294 1933 1453 1975 frequent,
1479 1944 1507 1966 e.
1517 1944 1549 1975 g.
1577 1935 1646 1966 Att.
1670 1943 1702 1965 v,
1728 1942 1779 1965 21.
1804 1941 1835 1973 5,

1078 1976 1219 2007 multum
1255 1981 1288 2008 te
1319 1987 1405 2016 amo,
1438 1977 1526 2018 quod
1556 1976 1753 2019 respondisti
1786 1976 1836 2008 M.

1078 2019 1220 2051 Octavio
1240 2024 1273 2052 te
1293 2030 1361 2052 non
1377 2024 1512 2062 putare,
1535 2031 1580 2053 se.
1595 2030 1648 2052 me
1662 2021 1836 2052 missurum

1077 2072 1155 2094 esse.

1122 2106 1152 2138 8.
1174 2109 1304 2138 videre
1331 2116 1374 2138 ao
1402 2110 1514 2144 plane
1531 2130 1539 2138 .
1557 2130 1566 2138 .
1583 2131 1592 2139 .
1608 2109 1771 2139 sentiret
1793 2105 1834 2138 cf.

1078 2148 1151 2181 Cat.
1165 2149 1185 2181 i.
1203 2150 1222 2180 8
1245 2149 1375 2181 videam
1391 2150 1552 2192 planeque
1567 2149 1719 2188 sentiam,
1733 2150 1834 2182 Dom.

1082 2201 1143 2224 100
1159 2192 1257 2224 video
1272 2203 1325 2224 me
1340 2193 1440 2235 plane
1457 2203 1494 2225 ac
1513 2194 1617 2225 sentio
1636 2193 1836 2234 restitutum,

1077 2236 1118 2268 de
1141 2236 1199 2268 Or.
1223 2235 1244 2267 i.
1273 2235 1331 2267 161
1357 2236 1456 2278 plane
1477 2247 1571 2268 nosse
1585 2240 1684 2279 atque
1705 2236 1835 2276 vidisse,

1076 2279 1122 2310 ib.
1153 2286 1214 2320 207
1242 2279 1340 2321 plane
1364 2279 1463 2311 video
1488 2284 1586 2322 atque
1612 2279 1729 2312 sentio.
1785 2281 1838 2311 Ac

1077 2328 1230 2354 connects
1241 2322 1295 2355 the
1303 2328 1369 2355 two
1379 2322 1478 2361 ideas,
1489 2327 1552 2355 aut
1559 2327 1723 2365 separares
1732 2322 1835 2362 them,

1076 2375 1103 2397 e.
1117 2376 1149 2407 g.
1176 2366 1218 2398 de
1240 2366 1299 2399 Or.
1326 2367 1360 2398 ii.
1389 2375 1451 2408 305
1478 2367 1630 2409 petulans
1653 2371 1716 2398 aut
1738 2366 1837 2408 plane

1075 2419 1218 2442 insanus.

1120 2462 1151 2494 9.
1174 2456 1318 2490 igitur:
1341 2452 1394 2485 for
1419 2453 1476 2485 the
1498 2453 1635 2495 reading
1654 2462 1708 2486 see
1729 2463 1763 2496 p.
1777 2452 1833 2484 xl:

1077 2495 1148 2538 {psa
1163 2506 1230 2527 was
1246 2497 1408 2538 probably
1423 2497 1616 2529 introduced
1630 2496 1714 2528 from
1729 2497 1835 2539 nysam

1077 2562 1086 2571 .
1103 2562 1112 2570 .
1129 2563 1137 2570 .
1154 2539 1235 2581 zffla.
1251 2541 1285 2571 in
1301 2539 1357 2572 the
1372 2541 1523 2582 previous
1537 2545 1696 2572 sentence.

1124 2592 1175 2614 10.
1197 2586 1419 2616 felicitates:
1435 2594 1455 2615 a
1464 2583 1519 2615 list
1529 2583 1568 2616 of
1574 2583 1700 2615 similar
1708 2581 1835 2625 plurals

1076 2626 1104 2658 is
1115 2627 1209 2668 given
1221 2627 1264 2668 by
1279 2627 1380 2668 Drag.
1395 2629 1411 2664 ξ
1427 2635 1457 2668 7.
1502 2627 1598 2669 They
1611 2636 1696 2659 were
1711 2627 1834 2668 especi-

1075 2669 1143 2710 ally
1158 2669 1297 2702 affected
1314 2671 1357 2712 by
1372 2671 1501 2702 Cicero.
1545 2670 1730 2702 Felicitates
1745 2670 1833 2701 how-

1074 2723 1149 2745 ever
1172 2723 1285 2745 occurs
1307 2713 1419 2746 before
1440 2714 1521 2755 him,
1542 2713 1577 2746 in
1597 2713 1673 2745 Ter.
1694 2712 1779 2744 Eun.
1799 2712 1834 2744 ii.

1123 2809 1173 2840 13.
1195 2803 1418 2832 habiturus:
1456 2810 1502 2832 sc.
1535 2799 1686 2839 Clodius,
1720 2803 1757 2831 to
1791 2798 1833 2831 be

1075 2843 1227 2885 supplied
1242 2844 1326 2875 from
1332 2843 1507 2885 pernicies,
1521 2842 1603 2874 κατὰ
1619 2841 1748 2874 σύνεσιν
1761 2852 1770 2874 :
1790 2842 1840 2880 cf.

1079 2891 1095 2926 ξ
1114 2895 1154 2928 37
1171 2886 1238 2918 sica
1255 2910 1263 2918 .
1281 2910 1289 2918 .
1306 2910 1314 2919 .
1330 2887 1388 2918 sui
1401 2886 1558 2926 nominis,
1575 2889 1637 2919 &c.

1123 2939 1174 2971 15.
1195 2933 1394 2968 regiones:
1415 2940 1460 2962 sc.
1482 2930 1539 2962 the
1558 2929 1689 2962 Albani
1707 2927 1836 2966 tumuli

1076 2977 1175 3016 atque
1204 2974 1285 3006 luci.
1340 2973 1459 3007 Cicero
1488 2973 1653 3006 mentions
1677 2972 1750 3005 first
1777 2972 1835 3005 the
