1942 3236
29 142 45 171 a

26 171 42 228 ξ
624 178 703 220 IN
736 178 1183 223 MILONIANAM.
1620 192 1703 237 107

29 251 40 273 f

103 295 261 342 Cicero
292 296 587 354 adprehendit
627 303 673 339 et
709 304 863 339 contra
902 296 1107 340 Clodium
1144 298 1301 340 Miloni
1336 298 1488 341 secisse
1524 299 1702 342 insidias

103 367 359 423 disputavit,
379 380 523 422 eoque
542 373 641 409 tota
662 367 805 409 oratio
828 367 920 409 eius
940 367 1170 421 spectavit.
1234 367 1324 410 Sed
1353 369 1413 411 ita
1435 369 1632 411 constitit
1653 374 1702 409 ut

31 487 33 491 Α
101 436 312 489 diximus,
342 449 424 479 nec
453 436 593 478 utrius
629 435 810 478 consilio
847 443 1094 490 pugnatum
1132 450 1226 479 esse
1262 451 1315 479 eo
1355 438 1439 489 die,
1474 451 1626 479 verum
1659 443 1703 478 et

31 524 47 546 2,
103 500 217 550 sorte
256 505 509 549 occurrisse·
537 511 583 548 et
620 519 678 547 ex
715 506 812 547 rixa
849 519 1076 548 servorum
1113 506 1170 548 ad
1206 507 1390 548 caedem
1427 513 1700 562 perventum.

30 615 39 630 „
63 582 83 617 6
102 575 272 619 Notum
293 580 444 618 tamen
467 581 562 618 erat
583 580 821 629 utrumque
843 581 1031 616 mortem
1053 574 1178 617 alteri
1201 589 1334 628 saepe
1356 576 1571 618 minatum
1594 589 1703 624 esse,

29 666 40 702 ς
98 650 146 687 et
165 644 280 688 sicut
309 651 566 700 suspectum
590 643 807 686 Milonem
841 644 981 685 maior
1008 657 1142 698 quam
1166 643 1294 686 Clodi
1317 643 1483 685 familia
1504 644 1703 694 faciebat,

99 713 164 758 ita
183 714 438 769 expeditior
456 720 502 756 et
522 713 718 769 paratior
738 712 794 754 ad
818 726 1014 768 pugnam
1033 713 1350 755 Clodianorum
1373 727 1505 768 quarn
1525 713 1704 755 Milonis

99 782 255 826 fuerat.
318 781 474 826 Cicero
495 796 596 825 cum
616 782 809 838 incipere
826 782 986 834 dicere,
1004 789 1218 838 exceptus
1244 783 1361 837 (est)
1386 782 1706 824 acclamatione

103 850 435 904 Clodianorum,
455 852 531 908 qui
558 866 607 894 se
631 852 859 894 continere
886 865 941 893 ne
971 859 1091 893 metu
1118 852 1297 906 quidem
1326 852 1704 894 circumstantium

13 922 86 971 ’,ιο
100 920 293 965 militum
318 927 574 977 potuerunt.
636 921 795 976 Itaque
827 935 916 963 non
947 935 1000 963 ea
1031 934 1119 975 qua
1151 921 1306 963 solitus
1338 928 1431 963 erat
1463 921 1705 963 constantia

99 990 216 1034 dixit
289 987 448 1034 Manet
477 997 628 1034 autem
660 990 735 1032 illa
770 1004 950 1045 quoque
984 995 1175 1045 excepta
1211 991 1303 1032 eius
1334 990 1505 1032 oratio:
1534 991 1705 1044 scripsit

98 1073 206 1104 vero
225 1060 340 1104 hanc
361 1074 496 1117 quam
516 1060 706 1116 legimus
727 1060 791 1102 ita
811 1060 1015 1116 perfecte,
1034 1066 1083 1102 ut
1105 1060 1197 1102 iure
1218 1061 1359 1114 prima
1380 1059 1532 1101 haberi
1555 1060 1703 1114 possit.

618 1329 1180 1385 ENARRATIO.

654 1473 805 1515 VERS.
837 1471 884 1514 A
913 1472 1079 1514 PRIMO
1111 1471 1164 1513 L.

41 1604 81 1639 ¹5
159 1579 204 1640 (ᾗ
223 1580 281 1640 3.)
311 1583 482 1628 Unum
503 1596 670 1640 genus
701 1588 782 1624 est
807 1583 1084 1627 adversum
1109 1580 1469 1634 infestumque
1489 1578 1641 1620 nobis
1663 1584 1707 1619 et

101 1657 262 1695 cetera.

219 1721 294 1765 Ita
326 1726 377 1764 ut
412 1722 458 1764 in
493 1735 655 1764 causae
688 1721 970 1775 expositione
1003 1720 1212 1768 diximus,
1249 1718 1478 1760 Munatius
1520 1716 1708 1758 Plancus
1725 1727 1773 1758 43

99 1790 244 1847 pridie
270 1805 352 1848 pro
379 1792 587 1835 contione
611 1790 827 1847 populum
857 1789 1117 1833 adhortatus
1146 1795 1253 1840 erat,
1273 1802 1328 1830 ne
1350 1793 1573 1842 pateretur
1593 1785 1706 1829 elabi

101 1857 329 1904 Milonem.

41 1984 84 2009 ιο
652 1963 778 2009 VER..
807 1963 854 2005 A
887 1962 1050 2005 PRIMO
1084 1961 1174 2005 CC.

161 2065 204 2126 (ξ
230 2065 314 2126 12.)
345 2067 637 2112 Declarant
678 2067 830 2109 huius
871 2067 1106 2109 ambusti
1142 2065 1339 2108 tribuni
1379 2062 1551 2118 plebis
1587 2062 1709 2104 illae

101 2122 489 2181 intermortuae
519 2138 811 2188 contiones,
842 2137 1033 2191 quibus
1064 2135 1302 2191 quotidie
1334 2146 1497 2175 meam
1530 2138 1708 2186 poten-

101 2206 232 2250 tiam
253 2207 519 2250 invidiose
541 2207 933 2249 criminabatur.

218 2276 273 2319 T.
298 2276 527 2320 Munatius
559 2275 747 2318 Plancus
778 2281 823 2317 et
847 2275 900 2330 Q.
925 2274 1163 2329 Pompeius
1194 2273 1337 2315 Rufus
1367 2271 1529 2314 tribuni
1560 2269 1629 2325 pl„
1652 2270 1708 2312 de

34 2334 83 2392 '²5
101 2345 263 2403 quibus
303 2347 347 2389 in
389 2351 655 2402 argumento
709 2346 840 2387 huius
891 2344 1103 2387 orationis
1153 2343 1361 2392 diximus,
1403 2354 1503 2383 cum
1555 2345 1709 2381 contra

102 2415 323 2459 Milonem
359 2415 558 2472 Scipioni
599 2421 644 2458 et
685 2415 907 2471 Hypsaeo
948 2414 1189 2463 studerent,
1225 2410 1469 2454 contionati
1511 2414 1613 2451 sunt
1654 2422 1708 2450 eo

101 2485 200 2544 ipso
229 2492 433 2542 tempore
462 2485 730 2541 plebemque
761 2485 805 2526 in
829 2483 1047 2526 Milonem
1079 2482 1386 2528 accenderunt,
1409 2492 1497 2532 quo
1528 2484 1708 2532 propter

104 2553 236 2599 Clodi
275 2569 438 2611 eorpus
479 2556 601 2597 curia
643 2555 824 2597 incensa
867 2559 947 2604 est,
979 2566 1059 2594 nec
1102 2551 1224 2606 prius
1263 2549 1540 2594 destiterunt,
1573 2560 1707 2600 quam

101 2623 284 2667 flamma
313 2625 407 2668 eius
434 2624 626 2667 incendii
654 2623 794 2678 fugati
822 2629 926 2665 sunt
956 2636 980 2663 e
1007 2621 1226 2664 contione.
1289 2618 1429 2659 Erant
1458 2617 1573 2662 enim
1604 2622 1708 2658 tunc

100 2732 224 2776 speech
252 2732 367 2766 served
397 2732 455 2766 the
484 2742 576 2765 same
606 2742 749 2775 purpose
773 2741 810 2764 as
832 2741 874 2763 an
942 2728 1147 2763 mandarint;
1164 2726 1303 2769 Quintil.
1320 2726 1374 2757 vii.
1395 2733 1423 2755 2.
1443 2732 1484 2765 ²4
1498 2723 1709 2765 neglegentia

101 2776 219 2810 article
232 2777 265 2809 in
281 2787 302 2809 a
317 2776 454 2809 modern
470 2777 599 2809 review.
938 2772 1176 2814 excipientium
1211 2771 1243 2802 in
1278 2774 1449 2812 quaestum
1483 2769 1708 2803 notariorum;

146 2829 178 2862 5.
198 2825 402 2859 umque
416 2823 553 2853 alteri:
577 2830 631 2852 see
649 2830 707 2862 pp.
729 2819 808 2851 xviii
825 2828 872 2860 sq.
937 2817 1026 2849 Suet.
1039 2816 1105 2847 Tit.
1118 2825 1136 2855 3
1150 2815 1237 2846 notis
1252 2814 1397 2854 excipere
1413 2810 1630 2850 velocissime,
1643 2810 1706 2842 and

147 2872 200 2897 ιι.
225 2868 400 2903 mepta:
425 2874 469 2897 sc.
481 2864 525 2905 by
537 2863 720 2896 shorthand
731 2864 873 2894 writers:
939 2863 956 2899 5
975 2869 1015 2901 33
1032 2870 1067 2892 n.
1115 2859 1181 2890 For
1205 2857 1262 2890 the
1287 2857 1512 2898 employment
1528 2854 1566 2886 of
1579 2854 1711 2886 notarii

101 2907 143 2942 cf.
160 2908 238 2941 Div.
252 2908 287 2942 ii.
301 2917 345 2950 50
358 2908 507 2941 locutum
523 2907 637 2940 multis
652 2906 873 2945 audientibus,
936 2909 972 2936 to
994 2903 1071 2936 take
1093 2902 1192 2934 down
1217 2901 1372 2943 speeches
1392 2900 1426 2932 in
1447 2897 1503 2931 the
1529 2902 1640 2931 senate
1664 2897 1706 2930 cf.

99 2951 158 2995 qui
172 2952 285 2986 omnia.
293 2951 393 2985 verba
405 2952 475 2985 eius
486 2950 683 2994 exceperint,
690 2950 872 2993 litterisque
935 2948 1022 2980 Plut.
1042 2947 1116 2980 Cat.
1133 2946 1212 2978 min.
1233 2953 1284 2985 ²3·
