1942 3236
526 207 659 250 PRO
704 207 751 250 T.
794 208 1007 251 ANNIO
1045 184 1312 254 MILONE.
1660 207 1721 268 89

115 324 282 368 maiore
310 339 338 368 a
367 330 414 368 te
442 325 598 368 dolore
628 325 824 367 divellor.
887 326 983 369 Nec
1007 341 1124 378 vero,
1145 328 1180 368 si
1210 329 1314 370 mihi
1342 328 1530 383 eriperis,
1552 328 1719 383 reliqua
1749 336 1753 339 ’

113 399 183 438 est
213 394 289 438 illa
324 394 483 438 saltem
519 394 576 437 ad
610 394 932 437 consolandum
970 396 1176 450 querella,
1211 405 1260 439 ut
1300 398 1350 440 iis
1382 398 1507 440 irasci
1539 398 1716 452 possim,

112 476 143 510 a
166 463 327 519 quibus
353 471 527 508 tantum
549 463 707 506 vulnus
727 478 963 519 accepero;
996 479 1084 507 non
1106 467 1223 508 enim
1246 467 1407 509 inimici
1431 468 1518 509 mei
1543 474 1588 509 te
1611 467 1717 509 mihi

14 574 21 593 ἶ
111 532 313 588 eripient,
332 534 411 576 sed
438 533 707 584 amicissimi,
728 548 818 575 non
852 534 966 576 male
997 535 1234 590 aliquando
1265 537 1320 578 de
1352 551 1422 578 me
1454 537 1609 585 meriti,
1641 537 1716 578 sed

75 611 95 647 5
111 615 289 658 semper
311 602 504 658 optime.’
546 602 732 646 Nullum
752 603 859 645 mihi
882 618 1106 658 umquam,
1129 605 1309 655 iudices,
1326 612 1499 648 tantum
1518 606 1715 648 dolorem

110 671 290 714 inuretis
316 669 516 728 (tametsi
543 673 640 728 quis
668 679 816 727 potest
847 688 943 716 esse
970 679 1120 716 tantus
1135 673 1183 730 P),
1206 676 1282 717 sed
1309 689 1364 717 ne
1391 675 1507 717 hunc
1535 676 1715 730 quidem

111 739 272 797 ipsum,
299 747 349 784 ut
379 741 623 794 obliviscar,
654 742 808 798 quanti
840 757 911 785 me
946 757 1121 798 semper
1150 745 1349 787 feceritis.
1413 744 1545 799 Quod
1571 746 1607 786 si
1637 758 1716 786 vos

111 810 229 866 cepit
250 810 418 854 oblivio
439 811 540 864 mei,
560 818 638 854 aut
658 812 694 854 si
723 812 768 853 in
795 825 868 854 me
899 812 1064 867 aliquid
1091 812 1350 865 offendistis,
1371 828 1446 855 cur
1476 828 1563 855 non
1596 814 1638 856 id
1673 815 1715 855 in

110 893 212 923 meo
235 880 382 936 capite
405 881 556 935 potius
584 881 720 923 luitur
747 895 882 936 quam
912 882 1126 924 Milonis?
1157 883 1379 936 praeclare
1403 884 1518 924 enim
1549 884 1714 932 vixero,

1 939 6 960 ³
51 961 94 987 ιο
109 949 146 992 si
165 949 273 1005 quid
296 949 406 992 mihi
426 951 648 1003 acciderit,
670 951 927 1006 priusquam
949 951 1034 993 hoc
1055 958 1229 994 tantum
1252 952 1356 994 mali
1377 953 1541 994 videro.
1586 953 1626 993 N
1632 966 1714 994 unc
1733 964 1804 995 100

110 1031 183 1061 me
212 1032 299 1061 una
328 1019 571 1062 consolatio
601 1027 837 1071 sustentat,
870 1022 990 1076 quod
1021 1021 1113 1073 tibi,
1144 1021 1198 1062 T.
1230 1021 1366 1070 Anni,
1399 1021 1566 1063 nullum
1594 1036 1620 1063 a
1646 1036 1716 1065 me

108 1088 281 1138 amoris,
327 1088 500 1131 nullum
544 1090 676 1140 studi,
717 1090 887 1132 nullum
929 1091 1108 1145 pietatis
1159 1091 1351 1133 officium
1401 1091 1552 1133 defuit.
1615 1092 1715 1145 Ego

108 1154 359 1201 inimicitias
380 1159 632 1213 potentium
654 1173 735 1214 pro
755 1166 802 1202 te
821 1161 1030 1215 appeti-vi,
1051 1174 1135 1215 ego
1157 1174 1304 1202 meum
1333 1174 1465 1215 saepe
1486 1174 1645 1215 corpus
1670 1167 1716 1203 et

107 1225 247 1271 vitam
273 1228 414 1271 obieci
450 1230 585 1272 armis
614 1229 891 1273 inimicorum
917 1236 1107 1279 tuorum,
1130 1244 1213 1284 ego
1236 1244 1308 1272 me
1338 1229 1537 1284 plurimis
1563 1244 1644 1285 pro
1670 1237 1715 1272 te

51 1308 90 1342 15
107 1296 353 1354 supplicem
384 1299 536 1350 abieci,
558 1299 691 1351 bona,
713 1300 908 1342 fortunas
940 1314 1060 1342 meas
1088 1314 1140 1343 ac
1168 1300 1405 1342 liberorum
1437 1313 1636 1341 meorum
1670 1300 1714 1341 in

153 1431 184 1456 1.
206 1423 362 1467 eriperis:
386 1424 484 1458 ‘fort
507 1424 681 1468 eript'eris'
705 1425 872 1458 Lambin:
904 1426 951 1458 ita
974 1425 1038 1458 Ox.
1063 1436 1147 1458 unus
1171 1425 1241 1467 [oe].
1447 1435 1476 1457 2.
1501 1425 1619 1458 saltem
1642 1426 1714 1459 Hs:

105 1469 218 1500 tanen
233 1468 355 1509 ΤΕσχ.
488 1478 519 1511 5.
542 1470 625 1501 mihi
641 1480 798 1512 umquam
815 1470 884 1502 iud.
902 1469 970 1501 HE
985 1480 992 1502 :
1016 1480 1106 1512 umq.
1127 1469 1196 1502 iud.
1216 1469 1307 1501 mihi
1319 1469 1378 1502 Τδ.
1528 1469 1558 1502 6.
1582 1470 1715 1502 tametsi

107 1510 167 1544 H:
189 1511 254 1544 etsi
265 1511 338 1546 rell.
518 1519 547 1555 7.
574 1518 611 1545 ut
625 1524 687 1546 om.
706 1514 753 1546 H.
865 1513 959 1556 quod,
976 1514 1111 1556 scripsi:
1136 1524 1220 1556 quae
1236 1513 1332 1546 codd.
1521 1513 1550 1545 8.
1574 1514 1639 1546 mei
1656 1514 1691 1546 H
1706 1525 1714 1547 :

103 1565 168 1589 om.
181 1555 254 1588 rell.
342 1555 377 1589 in
391 1566 467 1590 me:
491 1567 542 1590 me
557 1557 600 1590 T.
688 1558 723 1590 id
739 1558 773 1590 in
789 1557 846 1591 H:
872 1558 912 1590 id
924 1558 998 1590 rell.
1154 1566 1203 1599 14.
1227 1556 1332 1589 abieci
1346 1557 1386 1590 E.

947 1663 964 1700 5
983 1662 1024 1704 98
1042 1672 1088 1701 n.,
1104 1662 1169 1693 and
1185 1662 1237 1694 for
1256 1661 1312 1694 the
1335 1661 1546 1704 interchange
1569 1661 1607 1694 of
1629 1673 1714 1705 quae

944 1706 1009 1738 and
1027 1706 1116 1748 quod
1129 1708 1145 1744 §
1167 1715 1204 1736 12
1221 1717 1266 1738 cr.
1285 1716 1320 1738 n.

990 1750 1020 1782 8.
1045 1753 1087 1781 111
1113 1760 1196 1782 meo
1222 1753 1368 1788 eapite:
1408 1749 1461 1780 ‘in
1491 1760 1546 1790 my
1570 1749 1712 1792 person,’

945 1793 985 1826 cf.
1003 1793 1098 1826 Fam.
1115 1794 1170 1825 vii.
1191 1803 1218 1826 2.
1239 1804 1257 1834 3
1274 1804 1348 1826 cum
1365 1794 1472 1826 omnis
1487 1803 1570 1836 resp.
1591 1794 1629 1825 in
1645 1804 1713 1826 meo

943 1838 1048 1880 capite
1071 1837 1246 1870 discrimen
1270 1843 1354 1870 esset
1376 1838 1541 1877 habitura,
1567 1837 1610 1870 ib.
1635 1838 1655 1869 i.
1681 1848 1711 1880 9.

946 1890 986 1922 13
1003 1881 1080 1914 iecit
1097 1891 1191 1914 casus
1207 1885 1306 1923 caput
1318 1892 1428 1914 meum
1445 1882 1471 1922 (¹
1482 1892 1538 1923 my
1552 1881 1712 1924 unhappy

945 1924 1153 1967 self,’Jeans)
1172 1950 1179 1957 .
1199 1949 1206 1956 .
1226 1949 1234 1957 .
1251 1925 1283 1957 in
1297 1925 1442 1957 mediam
1458 1925 1710 1957 contentionem.

944 1969 1130 2011 Meocapite
1138 1969 1250 2001 would
1259 1984 1286 1995 =
1297 1970 1355 2011 ‘by
1367 1980 1422 2012 my
1431 1968 1710 2008 condemnation,’

944 2024 982 2045 or
997 2013 1093 2052 exile,
1111 2016 1211 2054 caput
1227 2013 1327 2055 being
1343 2013 1423 2045 used
1446 2014 1479 2045 in
1492 2012 1533 2045 its
1549 2012 1710 2046 technical

942 2067 1048 2089 sense.

991 2109 1040 2132 12.
1063 2104 1241 2139 pietatis:
1266 2099 1486 2139 ‘devotion'3
1509 2100 1549 2132 cf.
1573 2100 1666 2132 Fam.
1687 2100 1709 2132 i.

106 1669 196 1737 miz.
210 1661 504 1749 ffljbssiffg
519 1663 789 1749 ἑῖἒὲἒεῖῗὲἒὲξ.
805 1662 878 1739 Ἓξ

105 1756 194 1792 supr.
209 1748 360 1790 divellor,
375 1749 442 1782 and
459 1752 476 1789 5
496 1759 556 1792 103
572 1750 752 1783 distrahor.

152 1800 183 1826 2.
206 1796 364 1826 altem:
389 1796 452 1845 ‘at‘
461 1794 569 1834 1east‚'
578 1794 600 1827 i.
612 1805 640 1827 e.
657 1804 738 1845 even
762 1794 791 1826 if
810 1804 877 1836 you

105 1836 407 1930 &smmi
427 1839 877 1925 {zi-“nzeztzfffflffluzssssss

105 1932 136 1956 ts
149 1923 239 1964 read,
255 1924 347 1957 there
363 1924 392 1958 is
412 1935 433 1958 a
452 1926 648 1969 suppressed
664 1926 786 1966 clause,
803 1937 832 1959 e.
841 1937 875 1968 g.

106 1967 263 2014 quamvis
271 1967 410 2002 doleam.
436 1969 510 2002 The
524 1974 591 2002 two
603 1970 713 2003 words
727 1980 782 2003 are
794 1970 876 2003 used

105 2011 260 2055 together
273 2012 358 2045 Aen.
373 2013 417 2045 iv.
431 2019 494 2056 327
511 2024 584 2056 sqq.

149 2055 276 2088 Saltem
293 2079 302 2088 .
321 2081 330 2089 .
347 2080 356 2088 .
370 2057 400 2089 si
414 2057 489 2100 quis
504 2058 587 2090 mihi
602 2057 760 2100 parvulus
776 2057 854 2090 aula

147 2098 292 2132 Luderet
320 2100 464 2142 Aeneas,
498 2102 555 2145 qui
594 2106 627 2134 te
666 2106 778 2134 tamen
820 2112 876 2135 ore

234 2143 379 2184 referret,
946 2153 974 2177 1.
1009 2153 1023 2176 1
1057 2146 1149 2177 omni
1181 2145 1291 2177 officio
1315 2155 1354 2176 ac
1377 2145 1487 2187 potius
1503 2144 1639 2186 pietate,
1663 2144 1709 2176 ib.

148 2185 229 2220 Non
243 2188 396 2230 equidem
411 2189 548 2222 omnino
568 2193 668 2231 capta
689 2199 729 2221 ac
747 2189 876 2222 deserta
942 2198 976 2230 9.
996 2197 1009 2219 1
1037 2189 1282 2220 sanctissimum
1305 2199 1427 2220 nomen
1443 2188 1583 2230 pietatis
1606 2187 1710 2220 levius

236 2231 388 2272 viderem
941 2232 1024 2264 mihi
1038 2233 1162 2264 meritis
1176 2243 1254 2275 erga
1271 2243 1324 2264 me
1339 2232 1415 2264 tuis.
1461 2232 1550 2263 That
1567 2230 1711 2264 Cicero's

105 2274 214 2309 where
227 2279 378 2308 tamen=
388 2278 398 2294 ⁴
409 2276 442 2308 in
458 2276 543 2319 spite
558 2277 597 2309 of
606 2287 691 2319 your
706 2275 850 2319 cruelty.’

149 2318 182 2352 6.
214 2323 392 2352 tamem:
428 2320 613 2364 frequently
643 2321 723 2354 used
755 2322 787 2353 in
819 2320 874 2353 the

103 2361 207 2406 figure
218 2363 424 2403 oscomctio,
441 2375 468 2396 e.
481 2375 514 2407 g.
528 2365 621 2397 Verr.
631 2365 674 2397 iv.
691 2374 731 2407 19
741 2364 877 2397 tametsi

103 2416 190 2450 quae
226 2412 276 2440 est
312 2407 376 2440 ista
413 2407 586 2440 laudatio?
624 2409 728 2441 Marc.
761 2417 797 2440 21
832 2409 874 2441 de

104 2451 236 2484 tuisne?
257 2451 392 2484 tametsi
409 2452 467 2494 qui
490 2452 598 2494 magis
620 2458 695 2485 sunt
717 2453 789 2485 tui?
834 2453 874 2484 In

104 2494 163 2528 the
176 2494 240 2527 last
250 2505 392 2538 passage
403 2495 538 2528 inferior
549 2495 647 2529 MSS.
657 2497 742 2529 alter
754 2502 790 2529 to
800 2496 871 2536 etsi,

103 2547 142 2572 88
155 2537 244 2572 here·

147 2591 196 2615 ιο
209 2586 313 2615 huo
326 2585 476 2622 quum
492 2594 501 2616 τ
523 2593 567 2616 sc.
585 2583 635 2617 ita
651 2583 806 2617 inuretis.

150 2631 181 2668 7.
203 2626 298 2665 quod
323 2629 361 2659 ⁸1
388 2651 397 2659 .
423 2651 432 2659 .
457 2652 465 2660 .
496 2631 639 2660 oblivio
676 2632 774 2661 mei:
819 2627 877 2660 ‘If

126 2679 171 2702 ou
196 2668 281 2703 have
301 2669 469 2713 sorgotten
489 2670 564 2708 me,’
582 2682 602 2704 a
626 2672 746 2714 simple
770 2681 871 2705 sense.

103 2679 178 2747 ἶᾟο
200 2713 352 2756 ordinary
366 2715 502 2758 reading
523 2725 608 2758 quae
629 2716 750 2748 oblivio
771 2715 800 2747 is
819 2726 874 2748 ex-

102 2755 238 2800 phined
264 2758 443 2790 as=cuius
471 2758 524 2791 rei
551 2759 684 2799 oblivio,
713 2759 768 2801 (cf.
791 2762 807 2798 5
830 2766 870 2801 2⁷5

103 2810 172 2844 qua
187 2800 352 2841 invidia),
362 2801 384 2833 i.
396 2812 425 2834 e.
441 2801 537 2834 obliv.
547 2803 673 2845 quanti
686 2813 736 2835 me
749 2807 875 2845 semper

92 2843 258 2888 feceritis,
305 2845 574 2888 ‘forgetfulness.’
612 2851 672 2878 not
711 2850 720 2865 ‘
732 2847 771 2879 of
817 2857 873 2889 my

104 2887 240 2928 mei-its,'
256 2888 316 2921 but
331 2890 370 2922 of
388 2891 397 2907 ‘
408 2889 465 2922 the
487 2895 576 2922 stote
595 2900 661 2933 you
684 2890 809 2933 always
825 2896 874 2923 set

101 2941 194 3009 phpon
209 2931 324 3009 thilss':
340 2943 361 2965 a
377 2933 555 2984 circuitous
569 2934 770 2977 expression.
805 2934 872 3009 Foir

140 2986 254 3020 erepe
296 2987 471 3010 ionmez.
497 2988 610 3011 ..me
637 3001 678 3011 ..
707 2987 870 3012 .mcoc.

940 2280 1116 2308 statement
1131 2287 1198 2308 was
1220 2281 1279 2308 not
1298 2286 1340 2308 an
1363 2275 1430 2308 idle
1453 2276 1549 2308 boast
1571 2286 1648 2317 may
1670 2276 1709 2307 be

940 2331 1016 2352 seen
1033 2320 1118 2352 from
1134 2320 1257 2353 Ascon.
1271 2328 1322 2362 39.

989 2373 1039 2405 13.
1077 2367 1328 2396 inimicitias:
1368 2374 1412 2395 sc.
1453 2362 1492 2394 of
1522 2362 1578 2395 the
1618 2362 1708 2394 three

940 2408 1095 2445 tribunes,
1112 2408 1178 2439 and
1193 2418 1274 2440 even
1291 2407 1330 2439 of
1341 2407 1500 2448 Pompey,
1517 2407 1560 2438 ib.

988 2461 1040 2494 15.
1055 2455 1365 2488 bonmrortunaa:
1383 2451 1440 2483 the
1456 2450 1541 2492 plur.
1543 2449 1710 2492 fortunae

940 2495 1147 2538 generally=
1155 2494 1234 2536 gifts
1246 2495 1285 2527 of
1292 2495 1435 2531 fortune,
1448 2495 1504 2526 i.e.
1520 2493 1656 2532 wealth,
1674 2495 1707 2525 in

941 2540 1060 2572 Cicero
1075 2550 1082 2577 ;
1106 2539 1212 2580 rarely
1226 2539 1317 2580 good
1334 2549 1372 2570 or
1392 2538 1458 2570 bad
1478 2537 1618 2575 fortune,
1634 2547 1706 2578 e.g.

941 2583 1040 2615 Tusc.
1061 2583 1104 2615 D.
1119 2594 1149 2615 v.
1171 2591 1242 2623 115.
1302 2582 1391 2614 Here
1396 2581 1704 2623 fortunas=bona,

940 2626 981 2659 cf.
1008 2627 1099 2659 Verr.
1121 2627 1156 2658 ii.
1179 2635 1220 2667 59
1244 2626 1327 2658 bona
1344 2626 1465 2667 patria
1480 2625 1707 2667 fortunasque

940 2671 1011 2703 eius
1038 2670 1164 2702 Bidinis
1193 2669 1338 2702 tradidit.
1399 2668 1597 2701 Sometimes
1628 2668 1653 2699 it
1678 2668 1706 2699 is

940 2714 1021 2746 used
1061 2714 1100 2746 os
1131 2712 1276 2751 ‘status,'
1307 2723 1345 2745 or
1377 2711 1602 2750 incolumitas,
1632 2722 1659 2743 e.
1672 2722 1705 2753 g.

941 2759 1035 2789 Fam.
1052 2758 1094 2789 vi.
1122 2765 1171 2789 10.
1191 2766 1206 2787 2
1231 2757 1272 2788 de
1288 2756 1353 2788 tuis
1354 2756 1524 2798 fhrtunis,
1542 2756 1576 2787 id
1587 2760 1648 2794 est,
1665 2755 1706 2787 de

940 2806 997 2833 tua
1028 2800 1265 2836 incolumitate,
1297 2800 1408 2832 Plane.
1438 2808 1475 2839 31
1517 2799 1550 2830 in
1582 2798 1706 2830 iudicio

938 2846 1058 2887 capitis
1080 2869 1089 2877 .
1113 2868 1121 2876 .
1144 2868 1154 2878 .
1181 2844 1215 2876 in
1238 2844 1453 2876 dimicatione
1465 2842 1703 2885 fortunarum,

940 2889 1032 2922 Verr.
1063 2888 1109 2921 iii.
1145 2897 1205 2928 133
1236 2888 1372 2930 sponsio
1403 2886 1439 2919 fit
1469 2887 1510 2919 de
1534 2886 1637 2928 capite
1666 2896 1705 2918 ac

927 2932 1088 2976 fortunis
1103 2933 1178 2970 tuis,
1198 2934 1258 2964 &c.

983 2980 1203 3009 liberorum:
1221 2973 1450 3016 Hellmuth‚p.
1468 2974 1540 3014 108,
1557 2972 1705 3006 remarks
