1942 3236
273 199 326 229 10

724 192 785 234 M.
835 191 1026 234 TULLI
1061 192 1402 235 CICERONIS

270 319 359 347 non
388 306 506 349 docti
536 308 611 349 sed
642 307 756 359 facti,
787 322 875 350 non
908 309 1095 350 instituti
1128 309 1204 350 sed
1237 309 1393 350 imbuti
1422 322 1584 359 sumus,
1616 314 1676 360 ut,
1705 299 1743 352 si
1771 307 1861 351 vita

269 381 417 417 nostra
440 376 484 417 in
511 377 680 431 aliquas
709 378 900 429 insidias,
929 379 965 419 si
995 378 1037 419 in
1060 378 1146 419 vim
1175 384 1220 420 et
1248 378 1290 418 in
1317 377 1405 419 tela
1433 383 1509 419 aut
1536 377 1756 419 latronum
1783 384 1862 419 aut

269 443 545 486 inimicorum
587 446 822 496 incidisset,
858 447 1000 488 omnis
1036 446 1222 488 honesta
1262 447 1373 488 ratio
1408 452 1523 488 esset
1560 446 1862 500 expediendae

269 512 433 554 salutis.

497 513 637 555 Silent
665 515 782 556 enim
810 514 930 570 leges
959 515 1068 556 inter
1094 529 1218 557 arma
1246 529 1324 556 nec
1352 529 1398 556 se
1425 514 1670 569 exspectari
1698 515 1862 565 iubent,

269 595 368 622 cum
391 582 442 632 ei,
464 584 535 636 qui
559 590 815 638 exspectare
836 584 953 634 velit,
974 591 1076 625 ante
1104 584 1264 625 iniusta
1292 597 1435 637 poena
1461 582 1621 625 luenda
1645 583 1702 626 sit
1729 596 1862 637 quam
1882 595 1900 629 5

209 658 250 710 il
270 650 384 691 iusta
415 654 663 706 repetenda.

726 653 824 694 Etsi
855 654 1154 708 persapienter
1180 659 1225 695 et
1252 653 1444 706 quodam
1473 653 1606 694 modo
1631 652 1766 694 tacite
1786 653 1864 694 dat

252 719 365 773 ‘ipsa
404 720 480 761 lex
526 727 794 774 potestatem
835 722 1112 773 defendendi,
1151 735 1267 776 quae
1307 735 1396 763 non
1442 720 1666 762 hominem
1709 721 1864 769 occidi,

269 789 348 829 sed
378 802 471 829 esse
499 803 599 831 cum
629 790 718 832 telo
745 791 936 832 hominis
965 791 1192 832 occidendi
1214 804 1345 831 causa
1365 795 1498 840 vetat,
1520 796 1580 839 ut,
1600 803 1701 831 cum
1723 803 1864 839 causa,

270 870 358 898 non
381 858 516 898 telum
539 865 832 912 quaereretur,
855 861 929 913 qui
951 859 1016 900 sui
1042 859 1305 900 defendendi
1333 872 1463 899 causa
1490 857 1579 900 telo
1607 864 1723 900 esset
1749 871 1865 911 usus,

271 938 359 966 non
380 926 571 967 hominis
598 928 824 969 occidendi
851 941 980 969 causa
1007 928 1212 969 habuisse
1239 927 1376 968 telum
1406 927 1681 969 iudicaretur.

1742 926 1864 982 Qua-

271 1001 450 1048 propter
480 996 563 1036 hoc
599 1004 776 1038 maneat
809 997 852 1037 in
884 1010 1027 1047 causa,
1058 997 1248 1047 iudices3
1290 1009 1378 1037 non
1415 997 1531 1038 enim
1568 995 1724 1038 dubito
1758 996 1864 1051 quin

271 1065 534 1117 probaturus
574 1066 656 1105 sim
697 1066 820 1107 vobis
861 1066 1160 1107 defensionem
1204 1079 1363 1115 meam,
1403 1065 1439 1106 si
1480 1065 1525 1107 id
1566 1065 1866 1116 memineritis,

271 1134 389 1186 quod
413 1133 609 1174 oblivisci
635 1147 721 1175 non
742 1136 938 1188 potestis,
962 1135 1260 1176 insidiatorem
1283 1133 1464 1176 interfici
1487 1135 1576 1175 iure
1597 1147 1739 1188 posse.

333 1200 540 1255 Sequitur
575 1202 693 1254 illud,
729 1204 849 1256 quod
890 1218 916 1246 a
960 1203 1137 1244 Milonis
1178 1203 1364 1245 inimicis
1404 1203 1657 1256 saepissime
1697 1203 1865 1253 dicitur,

212 1263 256 1292 ¹²
275 1271 468 1319 caedem,
492 1271 534 1311 in
555 1285 641 1324 qua
659 1271 703 1311 Ρ.
723 1271 904 1313 Clodius
922 1272 1090 1314 occisus
1111 1278 1237 1321 esset,
1258 1278 1462 1313 senatum
1483 1272 1694 1313 iudicasse
1715 1279 1867 1314 contra

274 1352 365 1379 rem
398 1338 619 1392 publicam
652 1354 746 1381 esse
777 1340 951 1382 factam.

1014 1341 1143 1381 Illam
1174 1354 1278 1381 vero
1314 1347 1492 1382 senatus
1522 1354 1608 1382 non
1638 1341 1867 1382 sententiis

271 1408 361 1448 suis
392 1407 547 1459 solum,
576 1409 652 1449 sed
681 1410 812 1450 etiarn
839 1409 996 1451 studiis
1029 1410 1344 1463 comprobavit.

1406 1408 1624 1463 Quotiens
1654 1410 1768 1451 enim
1801 1416 1867 1452 est

271 1475 345 1517 illa
380 1489 511 1518 causa
545 1491 572 1518 a
603 1478 727 1519 nobis
763 1484 862 1520 acta
901 1478 945 1518 in
982 1478 1161 1520 senatu!
1207 1478 1367 1533 quibus
1402 1478 1733 1520 adsensionibus
1771 1478 1866 1520 uni-

314 1599 345 1630 4.
370 1590 482 1621 iubent
508 1589 610 1628 ΤΕσ;
648 1590 786 1632 Quintil.
812 1602 843 1623 v.
871 1600 884 1622 1

273 1685 326 1715 13.
349 1676 483 1708 interfici
499 1677 566 1708 iure
584 1677 661 1716 HE,
678 1677 753 1708 iure
768 1678 912 1720 interfici
928 1679 987 1710 Τδ.

268 1730 331 1752 om.
349 1721 376 1751 δ.
421 1725 504 1752 esset
521 1721 568 1760 H,
586 1721 695 1754 Bake:
719 1726 766 1753 est
780 1722 851 1754 rell.

313 1817 344 1848 4.
372 1811 504 1840 silent:
533 1809 572 1840 cf.
594 1809 679 1841 Plut.
699 1809 784 1841 Mar.
805 1810 843 1841 28
861 1809 959 1841 εἰπεῖν
982 1808 1032 1842 ὅτι

269 1851 328 1882 τοῦ
359 1852 456 1890 νόμου
481 1851 531 1883 διὰ
558 1852 615 1883 τὸν
641 1853 706 1884 τῶν
731 1852 837 1884 ὅπλων
865 1853 972 1896 ψόφον
998 1854 1035 1886 οὐ

269 1894 508 1927 κατακούσειεν

312 1941 462 1970 iubent:
488 1938 544 1970 the
571 1939 696 1971 variant
723 1940 841 1971 volunt
863 1940 890 1972 is
918 1945 1035 1972 attrac-

270 1981 347 2020 tive,
374 1982 461 2014 since
489 1983 543 2014 the
568 1983 742 2024 repetition
768 1983 806 2015 of
829 1994 848 2015 a
879 1985 970 2015 word
1001 1985 1036 2015 in

270 2036 290 2056 a
314 2025 461 2056 different
484 2036 574 2057 sense
598 2027 625 2057 is
648 2037 668 2057 a
691 2027 811 2058 feature
835 2027 873 2058 of
893 2027 1036 2059 Cicero's

271 2069 366 2110 style.
424 2069 476 2100 Cf.
504 2072 519 2107 ξ
543 2079 579 2100 21
599 2074 764 2111 possunt.
791 2094 798 2101 .
824 2075 1034 2111 Upossumus

273 2114 289 2149 ξ
329 2122 372 2153 44
408 2112 577 2144 dubitaret
605 2136 614 2144 .
646 2138 653 2145 .
679 2137 686 2144 .
718 2113 879 2145 dubitare
952 2114 1036 2146 Also

270 2156 341 2187 volo
363 2156 427 2187 and
450 2156 604 2187 voluntas
627 2167 680 2188 are
702 2157 942 2199 idiomatically
957 2157 1036 2189 used

272 2198 310 2229 of
322 2199 377 2230 the
394 2199 499 2239 object
516 2200 554 2230 of
568 2211 587 2230 a
603 2200 678 2239 law,
700 2211 727 2231 e.
740 2211 773 2241 g.
792 2203 808 2237 §
826 2211 846 2242 9
867 2211 952 2242 supr.
972 2200 1036 2233 Off.

271 2242 318 2274 iii.
339 2251 398 2282 233
430 2243 517 2274 V.err
543 2243 588 2275 iii.
621 2253 697 2285 193;
721 2244 762 2274 de
786 2244 910 2276 Invent.
935 2245 956 2276 i.
983 2243 1035 2284 56,

270 2286 305 2317 ii.
333 2287 413 2325 138;
437 2286 516 2327 Dig.
541 2285 593 2324 46.
618 2295 645 2318 1.
667 2286 735 2329 46.
766 2287 854 2318 That
876 2288 990 2319 zubent
1009 2298 1037 2319 is

272 2330 450 2371 supported
468 2330 512 2370 by
529 2329 666 2371 Quintil.
684 2331 712 2362 is
727 2335 784 2362 not
802 2331 834 2361 in
856 2331 949 2362 itself
960 2342 1036 2362 con-

272 2373 407 2412 clusive,
435 2383 485 2414 cp.
520 2376 536 2411 §
570 2382 599 2405 1.
645 2373 698 2404 On
725 2373 781 2405 the
812 2375 905 2405 other
935 2374 1036 2414 hand,

271 2416 391 2448 volunt
413 2427 489 2458 may
504 2417 544 2448 be
567 2427 587 2448 a
609 2416 673 2458 slip
695 2417 756 2448 due
778 2422 813 2449 to
826 2417 935 2449 velit
927 2428 960 2449 m
981 2418 1037 2450 the

272 2466 349 2491 next
365 2459 437 2496 line,
455 2461 518 2491 and
534 2461 652 2491 volunt
667 2471 754 2502 supr.

318 2509 347 2543 7.
385 2513 459 2534 non
492 2527 499 2535 .
536 2527 544 2535 .
579 2527 587 2535 .
626 2507 712 2536 sed:
765 2503 807 2536 cf.
842 2508 857 2542 ξ
891 2513 928 2543 31
970 2514 1036 2536 non

274 2546 442 2578 occisusne
475 2547 517 2578 sit
541 2571 549 2580 .
579 2570 588 2579 .
618 2572 624 2579 .
649 2546 708 2578 sed
741 2547 809 2579 iure
840 2558 881 2578 an
908 2548 1036 2587 iniuria,

277 2592 293 2627 ξ
327 2599 367 2630 39
399 2600 464 2620 non
495 2591 535 2622 de
565 2591 761 2632 impunitate
799 2591 869 2622 eius
906 2591 963 2622 sed
996 2591 1037 2623 de

274 2634 430 2675 praemiis
466 2635 670 2675 cogitaretur.
702 2635 743 2665 de
781 2634 875 2666 Orat.
905 2635 939 2666 ii.
979 2633 1038 2665 106

275 2687 325 2708 res
341 2687 408 2707 non
424 2677 466 2708 sit
490 2688 599 2715 necne,
617 2677 675 2708 sed
687 2677 792 2719 qualis
808 2678 849 2709 sit
865 2678 1038 2719 quaeritur.

276 2721 285 2737 ‘
299 2720 369 2750 The
386 2720 451 2751 law
466 2720 544 2751 does
568 2725 624 2752 not
647 2721 754 2752 forbid
778 2721 942 2753 homicide
961 2722 995 2760 (i.
1009 2731 1038 2752 e.

274 2763 346 2795 sine
366 2763 435 2794 dolo
459 2764 559 2803 malo)
578 2764 636 2795 but
656 2765 758 2796 intent
780 2769 814 2796 to
838 2764 920 2797 kin)
967 2764 1040 2796 The

275 2807 402 2837 variant
426 2807 516 2838 modo
545 2807 571 2838 is
597 2807 660 2839 due
681 2813 717 2839 to
738 2818 758 2838 a
781 2807 921 2840 familiar
941 2808 1040 2839 inter-

275 2849 436 2892 polation,
465 2850 586 2891 arising
611 2851 695 2882 from
722 2851 898 2891 ignorance
926 2851 963 2882 of
985 2851 1041 2883 the

276 2893 506 2925 construction.
556 2894 608 2925 Cf.
625 2894 658 2925 in
675 2894 729 2926 the
746 2894 899 2935 previous
915 2895 1041 2926 section

277 2937 333 2969 the
356 2937 513 2968 intrusion
538 2937 575 2968 of
599 2938 698 2969 etiam
723 2937 804 2970 after
819 2948 936 2970 verum
951 2938 984 2970 in
999 2937 1038 2977 Τ,

891 1601 920 1632 4.
949 1592 989 1623 8:
1013 1591 1131 1623 volunt
1156 1591 1244 1631 st.

269 1643 336 1664 non
353 1634 442 1665 modo
458 1633 529 1665 rell.
576 1634 668 1665 Μῖνα
691 1635 820 1666 Miller
837 1635 955 1666 ‘modo
977 1646 1038 1667 om.
1055 1636 1128 1668 dett.
1146 1634 1242 1668 codd?

1450 1597 1480 1634 7.
1502 1602 1568 1623 non
1593 1591 1641 1630 H,
1668 1590 1867 1624 Lambinus:

1465 1643 1515 1666 11.
1539 1635 1672 1668 dubito:
1696 1635 1804 1668 iudico
1827 1635 1868 1668 T.

1123 1688 1172 1720 14.
1196 1678 1402 1721 saepissime:
1425 1683 1516 1721 saepe
1531 1679 1632 1711 Bake.
1759 1687 1811 1720 15.
1834 1678 1869 1710 in

1102 1810 1219 1849 Cobet,
1236 1811 1359 1842 Mnem.
1376 1811 1471 1852 1879,
1489 1819 1560 1851 114,
1574 1809 1705 1852 Tyrrell
1715 1820 1757 1842 on
1774 1810 1867 1843 Fam.

1101 1854 1144 1885 ix.
1165 1854 1213 1886 16.
1231 1853 1262 1886 6.
1306 1854 1406 1885 Modo
1431 1854 1590 1895 produces
1617 1864 1638 1885 a
1663 1864 1754 1886 more
1777 1864 1868 1886 com-

1102 1897 1246 1940 plicated
1274 1907 1376 1935 sense,
1400 1897 1466 1928 and
1493 1897 1554 1929 has
1579 1896 1739 1930 therefore
1765 1897 1868 1929 found

1102 1941 1268 1973 defenders
1299 1951 1423 1982 among
1453 1940 1546 1973 those
1576 1940 1652 1972 who
1687 1940 1805 1982 rejoiee
1834 1940 1867 1972 in

1103 1984 1210 2016 subtle
1239 1984 1513 2025 interpretations,
1537 1994 1583 2016 sc.
1612 1983 1690 2016 ‘the
1719 1984 1784 2015 law
1807 1988 1868 2016 not

1103 2028 1180 2068 only
1196 2027 1320 2059 forbids
1342 2027 1520 2066 homicide,
1538 2028 1596 2060 but
1618 2027 1690 2059 also
1713 2027 1816 2060 intent
1830 2032 1867 2059 to

1103 2071 1188 2102 kin!
1236 2071 1317 2102 This
1330 2074 1504 2102 statement
1516 2081 1593 2112 may
1605 2071 1646 2102 be
1661 2081 1753 2103 more
1764 2071 1867 2103 truth-

1104 2114 1159 2153 ful,
1188 2114 1247 2146 but
1271 2114 1328 2146 the
1354 2114 1506 2155 previous
1531 2125 1594 2146 one
1623 2114 1652 2146 is
1680 2124 1772 2147 more
1795 2114 1867 2146 rhe-

1103 2158 1232 2189 torical.
1262 2157 1335 2189 The
1347 2157 1454 2188 words
1467 2157 1504 2188 of
1515 2157 1569 2189 the
1579 2157 1634 2189 lex
1647 2157 1800 2190 Cornelia
1813 2166 1868 2189 are

1104 2203 1113 2218 ‘
1131 2202 1187 2243 qui
1214 2211 1289 2232 cum
1316 2200 1384 2232 telo
1407 2201 1625 2232 ambulaverit
1649 2200 1792 2233 hominis
1813 2211 1867 2233 ne—

1103 2244 1200 2276 candi
1228 2244 1345 2275 furtive
1371 2243 1510 2276 faciendi
1537 2255 1636 2276 causa
1660 2244 1867 2276 hominemve

1103 2287 1269 2326 occiderit,
1294 2288 1424 2319 cuiusve
1454 2287 1489 2319 id
1518 2287 1598 2319 dolo
1628 2287 1718 2319 malo
1745 2287 1868 2319 factum

1102 2331 1184 2370 erit,'
1217 2331 1330 2369 Bruns,
1363 2341 1395 2372 p.
1424 2340 1487 2372 91:
1522 2330 1630 2362 where
1657 2335 1693 2363 to
1718 2330 1871 2363 occiderit

1104 2379 1191 2406 must
1207 2374 1248 2406 be
1264 2374 1418 2416 supplied
1432 2374 1502 2406 dolo
1518 2375 1615 2406 malo.

1148 2419 1177 2449 8.
1204 2428 1288 2449 esse
1304 2428 1390 2449 eum
1404 2421 1499 2449 telo·
1533 2418 1555 2450 i.
1562 2427 1590 2449 e.
1607 2421 1643 2450 to
1665 2427 1757 2459 carry
1771 2427 1868 2449 arms.

1104 2462 1155 2494 Cf.
1166 2460 1243 2499 §66,
1248 2460 1395 2502 Pliny‚N
1397 2461 1458 2493 ..H
1469 2461 1576 2493 xxxiv.
1590 2460 1835 2511 14339‚Ac.ii.7
1860 2483 1868 2492 .

1150 2513 1198 2536 11.
1226 2508 1395 2535 maneat:
1439 2504 1479 2536 cf.
1519 2504 1596 2537 Div.
1632 2504 1654 2536 i.
1689 2505 1730 2544 38
1767 2514 1824 2536 mo
1848 2513 1868 2536 o

1105 2552 1239 2580 maneat
1254 2547 1296 2584 id,
1313 2548 1403 2589 quod
1418 2547 1531 2589 negari
1546 2558 1612 2579 non
1627 2550 1745 2590 potoet.

1150 2601 1200 2631 15.
1221 2595 1380 2629 caedem,
1392 2594 1434 2622 in.
1446 2601 1533 2629 qua.
1550 2591 1605 2622 the
1614 2601 1679 2623 sen.
1695 2600 1783 2623 cons.
1797 2590 1870 2622 said

1103 2634 1229 2666 caedem
1252 2635 1291 2665 P.
1320 2633 1423 2673 Clodi,
1447 2634 1467 2667 i.
1484 2644 1510 2666 e.
1537 2634 1591 2666 the
1621 2640 1674 2666 act
1704 2634 1744 2665 of
1769 2633 1868 2666 Milo.

1105 2678 1223 2710 Cicero
1248 2677 1352 2708 twists
1373 2677 1428 2709 the
1451 2677 1570 2717 words,
1587 2678 1621 2709 in
1644 2676 1739 2709 order
1762 2681 1799 2710 to
1822 2677 1870 2708 in·

1106 2720 1202 2753 clude
1219 2721 1296 2752 both
1313 2720 1350 2751 of
1362 2720 1417 2752 the
1433 2721 1554 2762 parties
1570 2721 1603 2752 in
1619 2721 1675 2752 the
1689 2720 1769 2763 fray.

1151 2768 1272 2797 esset:
1311 2764 1368 2795 the
1397 2764 1598 2805 subjunctive
1628 2764 1656 2795 is
1688 2773 1868 2805 necessary,

1107 2808 1194 2840 since
1211 2807 1265 2839 the
1279 2807 1387 2839 words
1403 2818 1458 2840 are
1480 2818 1500 2840 a
1523 2807 1696 2850 quotation
1714 2806 1798 2839 from
1813 2807 1869 2839 the

1107 2862 1173 2883 sen.
1193 2861 1282 2883 cons.
1327 2850 1400 2882 The
1415 2851 1596 2883 correction
1611 2861 1679 2882 was
1693 2849 1870 2892 originally

1109 2895 1205 2927 made
1220 2895 1263 2935 by
1281 2893 1371 2926 Bake
1386 2894 1469 2926 from
1486 2894 1679 2944 conjecture.

1156 2937 1205 2971 16.
1230 2941 1359 2970 mam:
1383 2947 1426 2970 sc.
1444 2937 1630 2970 occisionem
1649 2936 1752 2970 Clodi.

1886 943 1926 966 10

1888 1283 1926 1316 Ι5
