1942 3236
573 202 652 245 IN
689 203 787 248 OR.
822 205 955 248 PRO
994 206 1260 252 MILONE.
1629 223 1714 270 123

99 317 299 376 singulis,
318 332 409 363 non
439 320 497 363 de
526 319 723 376 pluribus
754 335 841 363 una
871 323 1090 364 sententia
1121 324 1349 367 diceretur.
1412 326 1474 369 Et
1505 327 1578 370 illa
1608 343 1715 385 ergo

100 389 333 440 sententia,
353 403 470 445 quae
498 403 632 433 causa
659 390 842 434 Milonis
864 392 1093 443 ferebatur,
1113 394 1236 448 quasi
1263 408 1351 436 non
1378 403 1471 438 erat
1497 398 1686 453 simplex
1706 414 1715 451 ;

52 452 70 523 J
101 459 313 503 namduo
327 460 717 515 conplectebatur3
744 467 793 503 ut
815 468 859 504 et
878 462 1099 504 veteribus
1117 463 1287 518 legibus
1309 472 1354 507 et
1371 472 1500 508 extra
1516 468 1713 510 ordinem

55 527 73 588 ’ξ
98 535 392 585 quaereretur.
454 529 573 573 Huic
605 531 850 573 sententiae
881 532 987 573 dicit
1010 531 1072 573 M.
1096 532 1268 574 Tullius
1300 534 1610 588 intercessum3
1644 544 1708 579 at-

48 583 85 664 J}
99 611 188 655 que
206 598 270 642 ita
289 597 469 650 factum,
491 589 541 642 'ut
562 607 692 642 extra
713 601 915 642 ordinem
937 601 1118 655 quidem
1140 610 1433 656 quaereretur,
1457 619 1543 646 non
1564 612 1713 648 tamen

51 683 69 711 ε
97 673 288 722 vetusta,
322 669 400 711 sed
442 682 558 712 nova
597 670 696 725 lege
738 670 964 725 Pompeia.
1027 671 1112 714 Pro
1154 671 1322 714 Milone
1363 680 1511 716 autem
1548 674 1715 717 obnixe

49 730 69 793 ff
98 735 322 782 laborasse
342 738 398 795 Q.
422 738 691 782 Hortensius
711 740 956 783 videbatur.

158 852 272 911 §16.
302 853 569 897 Tribunus
601 854 666 910 pl.
704 855 767 897 M.
811 855 1012 897 Drusus
1049 856 1253 898 occisus
1286 862 1375 898 est.

158 939 220 983 Et
244 939 328 984 hac
367 941 655 997 responsione
694 948 847 984 contra
891 941 1207 996 praeiudicium
1251 942 1401 984 multis
1442 950 1486 985 et
1528 944 1714 987 sortibus

42 1009 319 1064 wexemplis
351 1010 609 1054 inmoratur.
670 1010 743 1053 Ac
785 1012 928 1066 primo
969 1011 1150 1065 quidem
1192 1012 1300 1054 dicit
1340 1013 1396 1054 de
1436 1013 1598 1065 Druso,
1639 1015 1714 1069 qui

54 1080 58 1126 ᾗ
99 1078 351 1122 oonsulibus
389 1079 535 1124 Sexto
574 1080 764 1123 Caesare
800 1087 844 1123 et
878 1080 1083 1135 Philippo
1125 1095 1224 1123 cum
1265 1089 1412 1136 partes
1452 1090 1629 1125 senatus
1670 1084 1713 1124 in

27 1181 31 1185 .
99 1148 325 1192 tribunatu
366 1163 448 1192 suo
489 1157 643 1193 contra
689 1150 865 1205 plebem
914 1150 1203 1205 suscepisset;
1254 1151 1373 1192 idem
1414 1165 1520 1193 vero
1560 1159 1716 1207 postea

58 1268 61 1277 Ἰ,
98 1218 253 1261 volens
290 1218 529 1274 gratificari
570 1220 699 1263 sociis
740 1226 784 1262 et
827 1220 999 1262 Latinis
1044 1220 1269 1262 civitatem
1312 1220 1564 1262 Romanam
1612 1236 1714 1277 pro-

100 1286 304 1341 misisset,
344 1289 404 1332 ad
443 1295 697 1332 extremum
739 1290 937 1332 eiusdem
978 1289 1307 1344 pollicitationis
1347 1289 1601 1345 implendae
1639 1293 1715 1334 de-

22 1352 82 1412 ,ἰς
100 1357 349 1413 speratione
368 1365 647 1413 praeventus,
665 1360 709 1401 in
725 1360 838 1402 atrio
860 1360 1020 1402 domus
1041 1373 1146 1401 suae
1168 1359 1331 1401 incerto
1347 1373 1436 1414 quo
1459 1374 1714 1414 percussore

98 1427 327 1470 confossus
347 1433 427 1470 est.

157 1525 214 1568 ib.
246 1525 372 1569 Cum
414 1527 462 1570 P.
497 1526 754 1571 Africano
789 1528 929 1570 domi
964 1541 1089 1570 suae
1125 1527 1533 1582 conquiescenti.

158 1606 245 1650 Hic
279 1607 326 1649 P.
365 1607 517 1664 Scipio
555 1608 848 1658 Aemilianus,
885 1615 944 1654 ut⁴
974 1609 1018 1651 in
1054 1621 1302 1664 proxumae
1345 1610 1556 1652 orationis
1593 1624 1713 1652 com-

36 1688 43 1701 ’ν
100 1677 321 1719 mentario
351 1677 440 1720 iam
473 1677 647 1721 locutus
677 1693 790 1729 sum,
812 1693 951 1733 quum
985 1679 1244 1720 Latinorum
1276 1691 1455 1720 causam
1487 1679 1713 1723 societatis

38 1755 84 1784 *ο
100 1745 195 1789 iure
234 1753 389 1790 contra
426 1745 475 1789 C.
518 1746 770 1791 Gracchum
804 1749 1082 1791 triumvirum
1119 1748 1299 1802 eiusque
1339 1747 1533 1803 collegas
1568 1763 1712 1804 perse-

98 1821 301 1859 veranter
320 1816 577 1860 defensurus
605 1825 733 1868 esset,
755 1832 810 1860 ne
830 1832 937 1873 ager
958 1818 1152 1873 ipsorum
1181 1818 1462 1869 divideretur,
1484 1819 1714 1874 repentina

99 1878 245 1929 inorte
280 1886 404 1929 domi
445 1901 552 1930 suae
593 1889 863 1943 interceptus
900 1894 980 1938 est,
1018 1901 1106 1929 non
1140 1886 1235 1930 sine
1277 1886 1459 1929 infamia
1497 1894 1541 1930 et
1577 1888 1712 1943 ipsius

33 1967 36 1968 ’
101 1953 152 1999 C.
183 1954 372 1999 Gracchi
403 1963 449 2001 et
480 1959 632 2001 uxoris
668 1972 775 2001 suae
810 1957 1126 2013 Semproniae:
1169 1957 1245 2011 qui
1282 1957 1475 1999 excessit
1507 1958 1598 2000 vita
1631 1972 1712 2000 sex

100 2030 147 2068 et
180 2025 521 2082 ‘quinquaginta
560 2041 701 2071 annos
751 2035 910 2078 natus;
963 2028 1006 2070 in
1055 2027 1235 2081 eiusque
1280 2026 1483 2069 saucibus
1523 2027 1714 2083 vestigia

37 2104 83 2141 ²5
100 2093 249 2138 livoris
279 2096 456 2139 inventa
487 2104 603 2140 sunt.
666 2097 810 2153 Super
837 2098 931 2140 eius
957 2097 1161 2139 laudibus
1189 2102 1316 2137 extat
1348 2096 1491 2138 oratio
1514 2096 1564 2138 C.
1588 2097 1713 2138 Laeli

99 2165 322 2220 sapientis,
352 2179 442 2221 qua
472 2180 577 2210 usus
607 2169 783 2211 videtur
818 2168 875 2224 Q.
908 2167 1073 2210 Fabius
1111 2167 1339 2208 Maximus
1376 2166 1420 2207 in
1458 2165 1712 2208 laudatione

18 2271 44 2280 -,
99 2235 264 2278 mortui
304 2235 551 2292 Scipionis;
601 2237 645 2280 in
686 2239 809 2280 cuius
850 2244 1052 2280 extrema
1092 2242 1218 2292 parte
1253 2235 1362 2277 haec
1402 2235 1538 2277 verba
1581 2242 1708 2278 sunt:

25 2308 41 2343 ᾗ
99 2310 250 2356 ‘QUIA
283 2315 508 2349 PROPTER
544 2317 715 2359 NEQUE
755 2313 925 2350 TANTA
966 2316 1065 2349 DIIS
1101 2313 1482 2348 INMORTALIBUS
1520 2313 1711 2346 GRATIA

0 2373 6 2429 ἦ
26 2366 36 2409 ἶ
99 2382 290 2418 HABERI
320 2385 518 2429 PoTEs'r,
551 2386 762 2428 QUANTA
798 2386 1040 2419 HABENDA
1071 2384 1174 2425 EST,
1206 2383 1345 2424 QUOD
1382 2382 1425 2414 Is
1457 2382 1563 2416 CUM
1597 2383 1711 2416 ILLo

22 2450 83 2488 [⁷¹30
98 2452 269 2488 ANIMO
307 2454 480 2498 ATQUE
522 2456 734 2490 INGENIO
772 2456 875 2489 HAC
917 2454 1155 2488 CIVITATE
1197 2451 1502 2485 POTISSIMUM
1544 2452 1710 2486 NATUS

2 2554 6 2564 ,
98 2521 190 2558 EST
208 2530 218 2558 :
250 2524 426 2567 NEQUE
448 2526 533 2559 ITA
555 2525 783 2559 MOLESTE
800 2526 971 2567 ATQUE
993 2524 1159 2558 AEGRE
1181 2522 1330 2555 FERRI
1347 2521 1494 2563 QUAM
1519 2521 1710 2555 FERUN-

21 2578 28 2605 ’⁷
96 2592 211 2629 DUM
262 2594 366 2639 EST,
411 2595 519 2630 CUM
570 2596 635 2629 Eo
687 2596 859 2630 MORBO
901 2595 1114 2628 MORTEM
1157 2592 1293 2626 OBIIT
1335 2591 1398 2623 ET
1442 2591 1495 2622 IN
1535 2591 1708 2624 EODEM

97 2662 335 2698 TEMPORE
386 2665 567 2707 PERIIT,
610 2666 716 2701 CUM
760 2666 824 2698 ET
866 2665 1009 2698 VOBIS
1051 2663 1114 2696 ET
1156 2659 1393 2702 OMNIBUS,
1437 2660 1526 2701 QUI
1570 2660 1709 2694 HANC

98 2733 204 2767 REM
227 2733 268 2767 P.
290 2734 491 2768 SALVAM
511 2735 729 2778 VOLUNT,
753 2735 957 2768 MAXIME
979 2733 1097 2767 VIVO
1118 2731 1241 2766 OPUS
1261 2730 1363 2771 EST,
1387 2719 1649 2771 QUIRITES.'

27 2822 80 2892 '3⁵
154 2833 268 2890 §17.
301 2835 526 2879 Proinde
557 2837 704 2891 quasi
735 2836 947 2891 Appius
990 2834 1080 2877 ille
1123 2833 1322 2876 Caecus
1368 2828 1504 2871 viam
1548 2829 1707 2871 muni-

95 2904 243 2956 verit,
272 2919 372 2948 non
412 2919 513 2961 qua
551 2906 782 2961 populus
830 2911 1074 2956 uteretur,
1119 2903 1211 2945 sed
1259 2900 1346 2942 ubi
1395 2899 1587 2953 inpune
1630 2899 1708 2941 sui

97 2974 295 3029 posteri
341 2974 797 3018 latrocinarentur.
