1942 3236
232 381 278 412 33
299 379 391 415 erat
428 374 509 415 iter
548 374 819 425 facientibus,
853 373 1009 428 gladiis
1049 375 1180 416 cincti
1209 373 1213 429 Ι
1240 375 1546 428 sequebantur.

296 184 356 242 96
927 187 1249 230 ASCONJUS

300 303 481 346 Clodius
518 319 662 359 equo3
694 305 806 346 servi
843 304 982 346 XXX
1013 305 1103 347 fere
1132 305 1344 360 expediti,
1376 311 1424 347 ut
1453 305 1528 347 illo
1558 312 1759 359 ternpore
1785 306 1887 347 ‘mos

1609 374 1749 416 Erant
1784 386 1885 416 cum

300 442 456 484 Clodio
488 450 712 497 praeterea
743 449 829 484 tres
861 443 1044 485 comites
1074 443 1180 493 eius,
1212 457 1270 485 ex
1300 443 1459 497 quibus
1490 456 1624 496 eques
1655 443 1886 485 Romanus

298 524 409 552 unus
437 511 487 553 C.
511 511 741 553 Causinius
773 510 949 562 Schola,
973 512 1061 553 duo
1092 512 1149 553 de
1179 511 1308 566 plebe
1339 512 1432 554 noti
1463 512 1662 553 homines
1684 511 1731 553 P.
1754 510 1886 553 Pom-

297 579 452 633 ponius
477 580 547 634 <et
568 579 613 623 C.
635 579 849 633 Clodius).
910 580 1021 621 Milo
1043 581 1148 622 reda
1167 580 1408 622 vehebatur
1428 594 1527 623 curn
1549 593 1689 622 uxore
1706 580 1884 631 Fausta,

297 647 386 689 filia
407 648 459 689 L.
482 648 633 702 Syllae
654 648 892 697 dictatoris,
916 654 959 690 et
983 649 1043 689 M.
1069 649 1199 690 Fusio
1222 648 1430 690 familiare
1452 662 1544 690 suo.
1607 647 1885 703 Sequebatur

297 730 371 758 eos
404 730 611 771 magnum
649 731 872 758 servorum
906 731 1078 772 agmen,
1115 717 1227 758 inter
1261 731 1370 771 quos
1408 716 1674 771 gladiatores
1709 727 1885 771 quoque

295 791 430 836 erant,
463 800 522 827 ex
554 785 713 839 quibus
753 786 843 827 duo
879 785 972 827 noti
1006 786 1233 827 Eudamus
1269 793 1313 827 et
1350 785 1502 826 Birria.
1563 785 1601 826 Ii
1642 785 1686 826 in
1726 785 1884 828 ultimo

295 854 471 908 agmine
498 855 664 895 tardius
693 861 843 895 euntes
872 867 971 894 cum
996 854 1131 895 servis
1158 854 1204 895 Ρ.
1230 852 1358 895 Clodi
1384 854 1528 895 rixam
1556 854 1883 896 commiserunt.

292 921 368 964 Ad
407 937 538 977 quem
578 922 816 964 tumultum
863 935 963 963 cum
1006 923 1270 976 respexisset
1311 922 1492 964 Clodius
1532 921 1875 973 minitabundus,

293 1005 491 1032 umerum
513 992 604 1032 eius
622 992 760 1032 Birria
777 991 949 1044 rumpia
968 991 1150 1033 traiecit.
1215 991 1323 1033 Inde
1344 1004 1444 1032 cum
1465 996 1562 1032 orta
1583 997 1698 1033 esset
1718 1004 1878 1046 pugna,

294 1060 438 1114 plures
469 1059 695 1101 Miloniani
727 1066 1013 1101 accurrerunt.
1076 1059 1257 1102 Clodius
1291 1060 1545 1102 vulneratus
1575 1059 1619 1100 in
1649 1060 1879 1102 tabernam

293 1129 544 1183 proximam
581 1128 683 1183 (in)
724 1128 949 1169 Bovillano
983 1128 1155 1169 delatus
1187 1135 1266 1170 est.
1328 1127 1438 1169 Milo
1475 1134 1523 1169 ut
1554 1128 1760 1182 cognovit
1789 1128 1881 1170 vul-

294 1204 494 1239 neratum
534 1197 751 1248 Clodium,
784 1211 881 1238 cum
917 1197 998 1238 sibi
1039 1197 1328 1250 periculosius
1368 1196 1476 1238 illud
1516 1197 1649 1238 etiarn
1683 1196 1785 1240 vivo
1828 1211 1881 1240 eo

294 1266 485 1308 futurum
508 1265 791 1320 intellegeret,
811 1266 956 1307 occiso
977 1271 1125 1307 autem
1154 1279 1362 1320 magnum
1391 1263 1602 1307 solacium
1625 1270 1740 1308 esset
1759 1265 1882 1307 habi-

292 1342 428 1384 turus,
463 1335 634 1376 etiamsi
667 1333 894 1375 subeunda
929 1341 1044 1375 esset
1077 1348 1232 1388 poena,
1263 1334 1490 1376 exturbari
1526 1334 1710 1376 taberna
1741 1334 1879 1378 iussit.

293 1403 397 1446 Fuit
410 1404 720 1457 antesignanus
737 1416 961 1445 servorum
978 1403 1069 1444 eius
1087 1403 1149 1443 M.
1168 1402 1381 1445 Saufeius.
1440 1402 1595 1457 Atque
1616 1402 1678 1446 ita
1700 1401 1880 1446 Clodius

293 1474 431 1514 latens
468 1478 691 1514 extractus
728 1478 793 1513 est
826 1471 1061 1525 multisque
1096 1471 1348 1513 vulneribus
1384 1471 1620 1513 confectus.
1683 1471 1880 1514 Cadaver

291 1543 382 1583 eius
404 1542 446 1583 in
467 1542 538 1583 via
563 1541 776 1591 relictum,
796 1541 899 1594 quia
920 1542 1031 1582 servi
1057 1541 1184 1583 Clodi
1206 1548 1283 1583 aut
1304 1542 1432 1583 occisi
1452 1549 1573 1583 erant
1593 1548 1671 1584 aut
1689 1542 1880 1596 graviter

292 1612 425 1653 saucii
446 1611 653 1661 latebant,
676 1610 780 1652 Sex.
806 1610 987 1651 Teidius
1007 1616 1196 1660 senator,
1220 1610 1295 1663 qui
1316 1610 1429 1651 forte
1450 1624 1508 1651 ex
1529 1624 1626 1652 rure
1651 1611 1696 1651 in
1724 1611 1878 1653 urbem

294 1679 603 1727 revertebatur,
640 1678 817 1721 sustulit
850 1685 895 1720 et
927 1679 1081 1720 lectica
1117 1692 1197 1720 sua
1231 1679 1424 1720 Romam
1458 1675 1557 1721 ferri
1591 1679 1742 1728 iussit3
1787 1679 1881 1734 ipse

292 1762 437 1790 rursus
470 1749 626 1790 eodem
665 1748 778 1789 unde
814 1754 907 1789 erat
941 1761 1139 1802 egressus
1178 1747 1276 1802 (se)
1315 1748 1492 1801 recepit.
1554 1747 1778 1789 Perlatum
1814 1754 1882 1790 est

292 1830 448 1871 corpus
481 1817 607 1859 Clodi
639 1823 743 1858 ante
773 1817 962 1871 primam
996 1817 1137 1858 noctis
1167 1816 1336 1866 horam,
1368 1815 1632 1871 infimaeque
1667 1816 1807 1871 plebis
1837 1822 1881 1858 et

292 1899 513 1927 servorum
536 1886 732 1926 maxima
754 1885 991 1927 multitudo
1015 1899 1175 1940 magno
1203 1885 1321 1928 luctu
1344 1899 1501 1939 corpus
1523 1886 1567 1927 in
1589 1886 1702 1927 atrio
1723 1886 1881 1927 domus

506 1996 536 2030 6.
563 1998 674 2038 Fusio,
694 1997 809 2029 codd.:
833 1996 940 2039 Fzfio.
1097 2006 1147 2030 20.
1170 1997 1316 2037 Teidius,
1333 1997 1504 2030 Willems:
1534 1997 1664 2030 Tadius.

332 2113 363 2144 4.
387 2106 469 2135 noti
488 2107 679 2134 homines:
705 2102 867 2134 Asconius
882 2102 911 2134 is
926 2102 1005 2134 fond
1021 2102 1060 2134 of
1163 2111 1211 2134 11.
1235 2105 1408 2140 rumpia:
1433 2113 1539 2144 genus
1564 2103 1624 2134 teli
1652 2107 1699 2135 est
1734 2103 1880 2135 Thracas

289 2147 354 2178 this
371 2146 500 2188 phrase,
514 2146 586 2178 infr.
599 2148 650 2185 38,
665 2157 692 2179 e.
704 2157 735 2187 g.
747 2150 862 2178 notum
876 2145 1051 2185 hominem,

290 2191 322 2221 in
347 2190 479 2222 Cornel.
499 2199 539 2231 59
555 2190 642 2221 notis
663 2200 834 2231 operarum
860 2189 1006 2225 ducibus,
1021 2190 1054 2220 in

289 2233 372 2275 Tog.
402 2233 507 2265 Cand.
535 2243 570 2274 9¹
602 2236 698 2264 notus
722 2233 867 2264 centurio
891 2232 1053 2273 Syllanus.

288 2276 360 2308 The
375 2281 472 2308 notus
487 2277 579 2308 homo
594 2276 622 2307 is
643 2277 699 2307 the
720 2286 837 2317 person
853 2275 928 2307 who
942 2276 1054 2307 would

288 2320 329 2351 be
344 2319 464 2351 known
477 2324 513 2351 to
525 2320 579 2351 the
593 2320 821 2355 nomenclator,
832 2318 873 2350 cf.
885 2319 955 2350 Att.
966 2319 1009 2350 iv.
1024 2328 1036 2349 1
1045 2343 1052 2350 .

293 2372 329 2402 15
346 2374 444 2394 nemo
455 2363 554 2395 ullius
568 2363 690 2394 ordinis
706 2362 808 2394 homo
820 2362 1055 2394 nomenclatori

288 2411 395 2445 notus,
413 2430 420 2438 .
443 2431 449 2438 .
471 2431 479 2438 .
497 2406 552 2448 qui
568 2406 650 2437 mihi
667 2406 799 2437 obviam
815 2415 880 2436 non
896 2406 1030 2437 venerit.

331 2449 361 2481 6.
386 2453 519 2482 rusie:
545 2450 561 2481 Ι
584 2449 686 2481 retain
703 2449 758 2480 the
781 2449 916 2489 reading
941 2448 978 2479 of
997 2449 1052 2481 the

288 2492 396 2530 MSS.‚
408 2492 516 2524 which
530 2493 558 2524 is
573 2492 742 2533 generally
752 2492 876 2523 altered
890 2496 927 2523 to
941 2492 1050 2534 Fufio,

286 2547 323 2567 or
337 2536 481 2577 Saufeio.
528 2537 594 2567 For
615 2536 671 2568 the
693 2535 789 2567 latter
805 2535 844 2567 cf.
861 2534 931 2566 infr.
978 2535 1051 2567 The

286 2590 381 2611 name
397 2580 522 2611 Fusius
537 2579 564 2611 is
580 2583 638 2611 not
660 2589 867 2617 uncommon,
884 2588 911 2609 e.
923 2588 957 2619 g.
974 2589 993 2609 a
1010 2579 1048 2610 C.

288 2623 404 2654 Fusius
414 2623 490 2654 Cita
500 2623 527 2654 is
540 2623 726 2654 mentioned
738 2622 833 2654 Caes.
847 2622 883 2654 Β.
898 2621 940 2653 G.
950 2622 1005 2654 vii.
1018 2631 1048 2662 3.

286 2666 338 2698 Cf.
355 2666 426 2698 Liv.
445 2666 490 2698 iii.
516 2676 546 2706 4.
571 2675 584 2696 1
611 2666 733 2697 Furios
756 2665 874 2697 Fusios
895 2665 1050 2706 scrzPsere

285 2709 441 2751 quz‘dam;
465 2710 529 2740 and
550 2709 684 2747 Seneca,
699 2709 850 2750 Excerpt.
867 2709 979 2741 Contr.
1002 2709 1047 2740 iii.

1116 2146 1265 2177 nationis
1288 2146 1376 2178 Gell.
1395 2157 1426 2178 x.
1446 2155 1461 2177 2
1467 2155 1494 2186 5.
1542 2146 1647 2178 Birria
1670 2146 1875 2188 (=11vppias)

1116 2199 1182 2220 was
1202 2189 1374 2221 doubtless
1394 2200 1414 2221 a
1435 2190 1564 2227 Thrax,
1580 2189 1635 2220 the
1657 2199 1754 2222 name
1781 2190 1879 2231 being

1115 2233 1275 2274 specially
1294 2233 1371 2264 used
1394 2233 1431 2264 of
1443 2233 1646 2264 ‘red-haired
1667 2233 1774 2265 slaves
1794 2233 1878 2265 from

1115 2276 1242 2308 Thrace
1253 2276 1260 2289 ⁷
1279 2276 1390 2318 [Lidd.
1405 2276 1469 2307 and
1481 2276 1543 2317 S.].
1582 2276 1648 2308 For
1659 2276 1715 2308 the
1726 2287 1822 2309 name
1835 2276 1877 2310 cf.

1115 2318 1254 2358 Ξανθίας,
1270 2320 1334 2350 and
1351 2319 1464 2351 Schol.
1481 2330 1523 2351 on
1540 2320 1598 2351 Ar.
1615 2319 1699 2351 Ran.
1715 2320 1806 2360 7206
1819 2319 1878 2358 μὲν

1116 2361 1225 2403 πυρρὸς
1239 2361 1279 2403 ἣν
1294 2362 1354 2400 τὴν
1369 2361 1481 2402 κόμην,
1493 2363 1510 2394 ὁ
1521 2362 1554 2394 δέ
1565 2362 1684 2404 ξανθός,
1708 2363 1741 2394 Α
1752 2362 1878 2395 similar

1114 2416 1210 2437 name
1226 2406 1254 2437 is
1270 2405 1378 2444 Rufio,
1400 2409 1416 2444 §
1433 2405 1486 2439 60.

1160 2459 1210 2489 14.
1235 2453 1351 2481 etiam
1371 2452 1479 2482 vivo:
1506 2449 1555 2480 ‘if
1579 2449 1621 2481 he
1646 2449 1822 2482 continued
1841 2454 1876 2482 to

1112 2491 1197 2532 live‚’
1215 2492 1254 2524 cf.
1274 2496 1289 2531 §
1309 2502 1349 2532 53
1366 2503 1400 2524 n.

1159 2545 1210 2577 19.
1248 2539 1383 2568 occisi:
1429 2535 1607 2578 according
1642 2540 1678 2568 to
1722 2535 1877 2569 Metellus

1111 2578 1235 2621 Scipio,
1252 2579 1326 2610 infr.
1345 2578 1398 2619 36,
1413 2580 1525 2611 eleven
1541 2589 1625 2611 were
1638 2579 1754 2611 killed.

1156 2632 1207 2654 20.
1232 2627 1313 2654 Sex.
1332 2626 1508 2655 Eruimus:
1532 2622 1697 2661 Willems,
1721 2622 1830 2660 Senat,
1854 2622 1875 2654 i.

1110 2674 1184 2705 500,
1199 2665 1310 2697 thinks
1326 2665 1392 2697 this
1406 2676 1482 2706 may
1503 2666 1544 2697 be
1561 2666 1616 2697 the
1634 2664 1734 2697 Τίδιος
1750 2664 1877 2705 Σέξτιος

1108 2708 1184 2740 who
1215 2709 1247 2739 in
1277 2713 1421 2740 extreme
1447 2709 1505 2740 old
1531 2719 1594 2750 age
1620 2708 1874 2750 (ἑσχατογὴρως)

286 2752 385 2793 praef.
398 2753 430 2783 si
445 2753 560 2784 Thrax
568 2763 674 2790 essem,
686 2752 811 2784 Fusius
821 2762 928 2791 essem,
939 2752 1047 2784 where
1103 2751 1215 2792 joined
1233 2752 1378 2793 Pompey
1394 2752 1425 2783 in
1443 2752 1566 2784 Greece
1581 2752 1614 2783 in
1630 2762 1672 2794 49
1688 2760 1751 2784 Β.ο.
1772 2752 1874 2792 (Plut.

284 2796 311 2827 it
327 2796 354 2827 is
368 2795 423 2827 the
437 2806 533 2827 name
548 2796 584 2827 of
596 2807 615 2827 a
630 2795 804 2837 gladiator.

1107 2795 1223 2837 Pomp.
1239 2794 1307 2837 64).
1353 2796 1420 2827 For
1434 2796 1490 2827 the
1505 2795 1646 2837 spelling
1661 2796 1698 2827 of
1709 2794 1766 2828 the
1779 2806 1876 2828 name

329 2839 358 2870 8.
393 2842 492 2870 noti:
528 2839 587 2870 i.e.
614 2840 692 2880 they
716 2838 782 2870 had
808 2838 1047 2879 distinguished
1105 2838 1146 2870 cf.
1163 2838 1201 2870 C.
1218 2839 1246 2870 1.
1264 2839 1285 2870 i.
1301 2849 1333 2880 p.
1355 2847 1426 2879 231.
1446 2847 1539 2880 1090.

283 2881 476 2913 themselves
491 2883 523 2912 in
541 2883 595 2913 the
611 2882 733 2914 theatre
747 2881 877 2923 [Reid]‚
889 2882 1002 2925 orVelse
1012 2882 1045 2913 in

283 2924 339 2957 the
353 2926 474 2958 service
491 2925 529 2957 of
539 2925 634 2958 Milo.

1153 2891 1202 2922 23.
1235 2886 1322 2914 ante
1354 2885 1518 2920 primm
1554 2885 1680 2914 noetis
1716 2885 1874 2914 horam:

1108 2928 1145 2964 ἐξ
1166 2935 1215 2967 29,
1233 2935 1274 2967 49
1290 2935 1326 2958 η·

1904 937 1942 961 10

1901 1279 1939 1312 15

1903 1622 1942 1644 20
