1942 3236
618 181 696 223 IN
730 182 1177 228 MILONIANAM.
1618 200 1703 247 109

18 234 38 279 {a
49 273 59 284 .

122 328 126 332 -
154 297 268 344 cum
291 297 449 354 aliquis
474 297 519 340 in
545 298 733 341 dicenda
763 301 986 342 sententia
1014 301 1124 344 duas
1153 301 1352 356 pluresve
1382 318 1450 346 res
1481 306 1698 360 complec-

28 363 50 379 ³'
94 367 215 419 titur,
235 367 272 411 si
301 368 488 411 cui-non
513 381 670 411 omnes
699 383 779 411 eae
806 369 1065 424 probantur,
1087 372 1287 425 postulat
1314 379 1364 414 ut
1394 374 1630 427 dividatur,
1652 376 1696 418 id

32 436 37 481 ‚j
55 485 57 488 ,
96 443 165 483 oet
184 437 243 481 de
261 437 392 481 rebus
414 437 598 493 singulis
619 437 845 481 referatur.
907 439 1114 482 Forsitan
1131 454 1247 482 nunc
1263 441 1348 484 hoc
1364 457 1541 497 quoque
1557 444 1701 487 velitis

95 507 218 561 scire,
241 507 320 563 qui
349 506 508 557 fuerit‚·
527 507 603 562 qui
635 507 680 549 id
713 507 1012 562 postulaverit.
1075 509 1210 564 Quod
1243 524 1331 553 non
1367 511 1456 554 fere
1486 513 1699 555 traditur:

31 590 186 629 finon
215 576 332 620 enim
363 576 416 627 ei,
447 576 523 632 qui
554 576 639 618 hoc
672 576 883 632 postulat,
915 578 1115 620 oratione
1151 578 1285 634 longa
1318 581 1533 623 utendum
1564 596 1615 624 ac
1646 595 1702 624 ne

31 655 38 679 f
94 646 449 702 consurgendum
486 645 669 700 quidem
711 646 863 700 utique
904 652 971 688 est
989 662 999 699 ;
1043 647 1169 690 multi
1211 649 1329 690 enim
1370 651 1572 692 sedentes
1616 651 1701 693 hoc

94 728 231 760 unum
268 715 452 758 verbum
487 715 778 771 pronuntiant
816 715 1042 758 Divide:
1088 718 1209 771 quod
1244 732 1344 759 cum
1381 720 1582 762 auditum
1620 728 1700 770 est,

94 782 281 829 liberum
321 783 439 840 (est)
475 784 527 837 ei,
562 785 640 839 qui
674 784 779 827 facit
812 785 1083 837 relationem,
1120 786 1330 829 dividere.
1393 787 1483 830 Sed
1523 802 1622 844 ego,
1654 796 1702 832 ut

94 853 306 900 curiosius
325 854 462 897 aetati
484 860 655 896 vestrae
676 853 959 903 satisfaciam,
982 854 1100 897 Acta
1127 856 1260 898 etiam
1289 858 1427 899 totius
1453 857 1568 899 illius
1588 865 1701 901 tem-

32 922 216 983 ”pom
234 929 492 979 persecutus
513 937 612 966 sum
631 940 642 975 ;
674 923 716 965 in
739 924 900 979 quibus
923 924 1112 980 cognovi
1134 925 1277 979 pridie
1300 926 1403 968 Kal.
1429 927 1558 969 Mart.
1583 926 1627 970 S.
1652 927 1702 970 C.

97 1006 194 1038 ense
224 991 406 1043 sactum,
439 993 486 1036 P.
521 991 652 1035 Clodi
690 993 872 1036 caedem
909 1000 954 1035 et
990 994 1242 1036 incendium
1280 996 1426 1037 curiae
1457 1004 1501 1038 et
1532 1011 1702 1052 oppug-

96 1061 321 1107 nationem
337 1063 517 1105 aedium
537 1063 600 1105 M.
620 1063 780 1118 Lepidi
802 1069 957 1106 contra
980 1077 1073 1105 rem
1095 1078 1136 1118 p.
1156 1063 1320 1108 factam
1338 1081 1347 1115 3
1379 1066 1495 1108 ultra
1516 1065 1703 1108 relatum

96 1130 143 1177 in
177 1131 307 1175 Actis
338 1131 416 1174 illo
449 1133 523 1175 die
561 1132 667 1174 nihil
690 1147 700 1185 ;
743 1139 921 1187 postero
958 1133 1043 1184 die,
1079 1133 1124 1175 id
1159 1141 1226 1176 est
1266 1134 1367 1176 Kal.
1406 1135 1551 1186 Mart„
1591 1135 1703 1190 (T.)

98 1200 349 1245 Munatium
370 1202 415 1244 in
435 1203 643 1245 contione
663 1203 925 1257 exposuisse
949 1202 1117 1257 populo
1141 1218 1257 1258 quae
1281 1204 1422 1258 pridie
1453 1211 1552 1247 acta
1579 1211 1706 1248 erant

36 1282 79 1320 ¹⁵
96 1269 142 1315 in
161 1277 346 1315 senatu:
375 1271 419 1313 in
441 1285 532 1327 qua
551 1272 758 1314 contione
786 1270 792 1328 Ι
817 1271 927 1315 haec
955 1272 1072 1315 dixit
1101 1273 1157 1314 ad
1179 1274 1391 1316 verbum:
1424 1273 1552 1316 Cum
1577 1274 1703 1316 Hor·
1722 1282 1770 1312 45

96 1340 304 1385 tensius
338 1341 580 1392 dixisset,
617 1348 674 1383 ut
710 1348 866 1384 extra
906 1342 1141 1384 ordinem
1182 1349 1533 1396 quaereretur
1567 1344 1704 1398 apud

95 1409 482 1466 quaesitorem3
511 1411 821 1454 aestimaret
851 1411 1097 1460 futurum,
1121 1418 1190 1462 ut,
1210 1425 1320 1453 curn
1350 1411 1592 1467 pusillum
1624 1412 1706 1455 de·

96 1478 270 1523 disset
299 1479 615 1532 dulcedinis,
635 1479 861 1535 largiter
891 1481 1211 1523 acerbitatis
1244 1482 1588 1524 devorarent:
1620 1482 1705 1524 ad-

23 1572 26 1573 r
95 1561 284 1593 versus
318 1547 588 1592 hominem
626 1550 958 1606 ingeniosum
991 1563 1095 1592 non
1130 1549 1345 1604 ingenio
1385 1551 1463 1592 usi
1504 1564 1707 1601 sumus3

36 1617 391 1663 ”invenimus
411 1619 638 1669 Fusium,
659 1619 748 1675 qui
781 1620 981 1662 dicer'et
1001 1623 1011 1641 ‘
1030 1618 1280 1671 Divide';
1311 1619 1545 1674 reliquae
1566 1621 1707 1675 parti

93 1687 395 1732 sententiae
415 1702 516 1743 ego
537 1696 590 1733 et
612 1688 910 1732 Sallustius
934 1689 1334 1731 intercessimus.
1397 1690 1524 1732 Haec
1545 1691 1708 1739 contio,

97 1763 147 1802 ut
180 1763 303 1814 puto,
335 1757 544 1814 explicat,
581 1765 626 1801 et
662 1759 769 1813 quid
811 1765 990 1801 senatus
1024 1759 1256 1801 decernere
1289 1758 1490 1810 voluerit,
1525 1766 1570 1802 et
1609 1760 1708 1815 quis

95 1826 359 1873 divisionem
392 1828 694 1883 postulaverit,
717 1834 762 1871 et
795 1829 894 1883 quis
928 1827 1224 1871 intercesserit
1256 1834 1300 1870 et
1331 1841 1419 1870 cur.
1483 1827 1596 1871 Illud
1627 1842 1708 1871 vos

97 1897 350 1941 meminisse
370 1911 459 1940 non
489 1898 648 1941 dubito
679 1912 759 1953 per
780 1897 836 1953 Q.
863 1897 1041 1939 Fufium
1073 1897 1149 1940 illo
1180 1911 1359 1952 quoque
1389 1903 1589 1953 tempore
1618 1911 1708 1952 quo

38 1978 80 2014 ²5
97 1966 157 2010 de
191 1966 360 2011 incesto
395 1967 443 2011 P.
480 1967 612 2011 Clodi
647 1974 797 2011 actum
834 1973 901 2010 est
936 1967 1118 2018 sactum,
1154 1980 1209 2008 ne
1249 1981 1276 2009 a
1315 1973 1472 2010 senatu
1514 1967 1708 2022 asperius

97 2034 422 2080 decerneretur.

157 2105 229 2149 De
249 2105 302 2149 L.
325 2106 529 2149 Domitio
550 2107 659 2150 dicit
677 2123 687 2149 :

156 2171 200 2232 (ἦ
225 2173 315 2230 22.)
375 2175 615 2219 Dederas
651 2176 799 2226 enim,
838 2189 991 2232 quam
1025 2182 1388 2218 contemneres
1425 2173 1708 2230 populares

99 2243 344 2297 insanias,
368 2245 470 2288 iam
493 2246 556 2288 ab
578 2245 947 2288 adulescentia
969 2246 1290 2288 documenta
1311 2244 1558 2286 maxima.

22 2319 85 2357 ‘30
161 2313 472 2358 Constantiam
508 2315 561 2357 L.
594 2315 766 2357 Domiti
803 2329 938 2370 quam
977 2316 1020 2357 in
1055 2322 1292 2369 quaestura
1323 2313 1540 2369 praestitit
1575 2313 1708 2368 signi-

300 2424 350 2461 17.
374 2417 569 2455 aestimaret.
584 2418 728 2451 Rinkes:
754 2418 939 2451 aestimare.
1023 2417 1179 2455 dedisset,
1195 2416 1337 2453 Rinkes:
1362 2416 1513 2448 edissent.

573 2470 627 2502 3ο.
650 2467 835 2505 quaestura,
853 2462 1044 2495 Manutius:
1062 2465 1239 2503 praetura.

144 2562 179 2596 8.
200 2564 250 2601 d,
275 2565 342 2601 qui
365 2565 479 2596 host:
514 2562 675 2605 Pompey‚
701 2562 779 2595 who
805 2573 874 2595 was
937 2566 1039 2602 ment,
1055 2561 1151 2594 when
1173 2562 1262 2594 Milo
1285 2561 1313 2593 is
1336 2560 1493 2593 snatched
1516 2559 1601 2592 from
1625 2557 1710 2591 their

176 2605 268 2649 ding
282 2617 326 2638 on
341 2606 408 2639 this
424 2607 588 2646 occasion,
605 2607 685 2639 Asc.
700 2613 751 2648 37,
765 2606 874 2649 might
936 2617 1045 2648 grasp.
1109 2608 1118 2623 ‘
1129 2606 1202 2638 The
1233 2605 1438 2647 sugar-plum
1467 2604 1537 2636 will
1562 2614 1663 2646 prove
1689 2613 1710 2634 a

99 2615 188 2682 ff:
200 2649 352 2683 declined
367 2656 404 2683 to
418 2656 515 2692 grant
530 2650 587 2683 the
600 2654 741 2693 request.
937 2650 1036 2682 bitter
1051 2649 1135 2692 pin?
1160 2649 1233 2681 The
1250 2660 1389 2691 passage
1406 2649 1433 2680 is
1448 2648 1524 2680 well
1534 2646 1708 2690 explained

145 2702 179 2736 9.
210 2697 332 2727 ..τιτι
358 2699 534 2727 mmo:
571 2705 609 2727 so
640 2704 728 2737 supr.
761 2697 874 2726 vestra
935 2695 980 2736 by
996 2693 1132 2732 Rinkes,
1151 2693 1276 2725 Mnem.
1295 2704 1325 2724 x.
1344 2701 1402 2724 221
1423 2702 1492 2734 sqq.

100 2741 199 2771 aetas.
245 2737 336 2780 Only
350 2738 445 2771 those
465 2738 542 2770 who
565 2738 632 2770 had
654 2738 795 2770 reached
818 2738 874 2770 the
984 2738 1032 2768 18.
1055 2740 1238 2775 mester:
1277 2736 1318 2768 cf.
1358 2736 1465 2768 Plaut.
1498 2735 1584 2767 Rud.
1626 2742 1707 2776 1315

101 2789 166 2823 nge
187 2781 226 2814 of
241 2781 443 2823 twenty-five
458 2792 551 2823 years
565 2792 651 2814 were
673 2781 815 2814 allowed
838 2787 874 2814 to
936 2781 1078 2822 largiter
1092 2780 1247 2812 mercedis
1261 2780 1457 2822 indipt‘scar.

101 2824 218 2858 attend
231 2825 368 2858 debates
383 2825 417 2857 in
434 2826 491 2858 the
507 2830 627 2858 senate.
984 2833 1032 2866 19.
1056 2827 1319 2862 intento-tun:
1352 2823 1393 2856 cf.
1421 2823 1502 2856 Div.
1526 2822 1560 2854 in
1584 2820 1708 2854 Caecil.

151 2874 201 2910 17.
222 2872 409 2907 nucinum
432 2873 622 2902 dodisset:
657 2869 714 2901 the
741 2869 875 2901 dulcedo
935 2878 980 2910 44
995 2878 1041 2910 sq.

102 2912 240 2946 cominu
255 2913 290 2945 in
310 2912 367 2946 the
387 2913 588 2951 concession,
618 2917 657 2945 ut
682 2917 779 2945 extra
802 2912 872 2945 ord.
983 2922 1034 2953 24.
1056 2915 1125 2943 mo
1141 2921 1283 2949 quoque
1297 2915 1485 2948 tempore:
1509 2910 1549 2943 cf.
1569 2913 1584 2949 ξ
1606 2918 1646 2950 14
1662 2919 1696 2940 n.

102 2960 292 2999 quaeretur,
302 2957 359 2990 the
369 2957 529 2990 acerbitas
544 2957 579 2989 in
594 2956 652 2990 the
665 2957 874 2999 disappoint-
982 2964 1034 2997 30.
1059 2959 1285 2994 qun-tura:
1309 2957 1325 2994 ξ
1347 2963 1384 2985 22
1404 2964 1438 2986 n.

10 3186 49 3236 ,³³³¹
6 3131 12 3139 ”
