1942 3236
310 195 393 240 116
945 192 1265 236 ASCONIUS

823 360 944 402 VER.
978 359 1021 400 A
1055 359 1221 401 NOVIs.
1254 357 1378 400 CLX

363 479 451 519 quo
482 463 579 506 loco
610 462 778 505 inducit
808 461 1062 516 loquentem
1089 460 1302 502 Milonem
1333 473 1431 502 cum
1462 459 1678 502 bonarum
1707 460 1898 516 partium

305 533 558 575 hominibus
579 533 636 574 de
658 532 823 573 meritis
845 532 953 573 suis:
1346 578 1347 581 Ἴ

364 599 405 658 (ξ
423 600 510 658 95.)
531 600 738 642 Plebem
761 606 810 642 et
831 600 1059 640 infimam
1081 598 1485 648 multitudinem,
1501 610 1629 651 quae
1651 596 1697 638 P.
1717 596 1900 640 Clodio

307 671 436 711 duce
467 670 687 711 fortunis
717 669 905 711 vestris
937 668 1252 716 imminebat,
1282 680 1403 717 eam,
1438 680 1538 721 quo
1578 666 1740 708 tutior
1767 672 1899 709 esset
1920 682 1938 716 5

306 746 478 781 vestra
508 739 629 788 vita,
659 752 711 780 se
745 740 913 791 <suam
941 738 1134 788 secisse
1161 741 1525 783 commemorat,
1554 740 1612 776 ut
1638 749 1732 777 non
1763 735 1901 778 modo

307 806 530 860 virtute>
585 806 837 855 flecteret,
879 806 966 847 sed
1007 805 1163 847 etiam
1205 804 1373 847 tribus
1413 804 1520 845 suis
1570 803 1902 859 patrimoniis

308 876 576 918 deleniret.

369 945 481 986 Puto
513 945 599 986 iam
632 957 764 998 supra
787 957 881 985 esse
906 943 1073 985 dictum
1097 942 1312 984 Milonem
1335 955 1392 983 ex
1413 941 1576 983 familia
1598 941 1731 983 fuisse
1752 940 1899 994 Papia,

309 1013 469 1055 deinde
489 1014 751 1067 adoptatum
774 1026 866 1053 esse
888 1013 943 1053 ab
966 1011 1018 1052 T.
1041 1011 1205 1059 Annio,
1223 1024 1306 1052 avo
1327 1023 1407 1051 suo
1430 1015 1641 1052 materno.
1701 1009 1900 1064 Tertium
1922 1023 1942 1046 11

309 1083 621 1136 patrimonium
663 1082 836 1122 videtur
876 1079 1120 1135 significare
1160 1079 1341 1130 matris;
1396 1076 1574 1134 (aliud)
1620 1079 1735 1121 enim
1782 1077 1901 1133 quod

309 1151 449 1202 fuerit,
481 1165 568 1192 non
600 1150 757 1191 inveni.

370 1303 551 1344 Peracta
577 1303 794 1356 utrimque
822 1315 953 1343 causa
984 1301 1143 1355 singuli
1173 1302 1327 1355 quinos
1349 1307 1578 1343 accusator
1597 1306 1642 1343 et
1663 1314 1761 1343 reus
1779 1314 1902 1342 sena-

312 1377 441 1420 tores,
475 1372 661 1412 totidem
696 1371 863 1424 equites
899 1373 988 1424 (et)
1021 1371 1220 1412 tribunos
1252 1371 1441 1412 aerarios
1474 1370 1725 1419 reiecerunt,
1757 1370 1819 1411 ita
1854 1376 1902 1411 ut

313 1454 424 1481 unus
455 1445 499 1481 et
522 1440 560 1480 L
582 1439 823 1481 sententias
853 1439 1043 1481 tulerint.
1100 1438 1336 1482 Senatores
1366 1441 1771 1482 condemnaverunt
1796 1438 1903 1489 XII,
1923 1453 1938 1477 1

313 1509 594 1550 absolverunt
610 1509 674 1550 VI
695 1525 704 1558 ;
728 1508 897 1562 equites
914 1509 1314 1555 condemnaverunt
1331 1508 1462 1558 XIII,
1479 1507 1760 1550 absolverunt
1780 1507 1875 1548 1111
1891 1523 1902 1558 3

313 1578 475 1619 tribuni
512 1577 665 1618 aerarii
704 1578 1104 1618 condemnaverunt
1140 1577 1272 1627 XIII,
1309 1577 1588 1619 absolverunt
1624 1576 1708 1619 ΙΙΙ.
1766 1575 1901 1618 Vide-

313 1647 472 1687 bantur
492 1659 578 1686 non
602 1646 826 1698 ignorasse
847 1646 1009 1687 iudices
1031 1645 1165 1686 inscio
1189 1645 1354 1687 Milone
1376 1646 1499 1687 initio
1514 1644 1788 1695 vulneratum
1809 1657 1905 1686 esse

315 1713 534 1765 Clodium,
568 1715 644 1755 sed
681 1720 985 1768 compererant
1027 1721 1127 1768 post
1168 1728 1301 1768 quam
1334 1714 1590 1756 vulneratus
1628 1719 1744 1755 esset
1783 1713 1902 1754 iussu

315 1783 495 1824 Milonis
526 1784 730 1825 occisum.
792 1783 987 1824 Fuerunt
1018 1783 1092 1836 qui
1125 1783 1352 1825 crederent
1385 1783 1446 1824 M.
1475 1782 1657 1824 Catonis
1686 1780 1903 1824 sententia
1923 1798 1938 1820 2

313 1865 412 1892 eum
446 1865 539 1893 esse
571 1851 850 1902 absolutum;
882 1865 984 1893 nam
1013 1858 1057 1893 et
1088 1852 1200 1892 bene
1232 1865 1332 1892 cum
1364 1860 1410 1892 're
1437 1851 1613 1906 publica
1639 1857 1787 1893 actum
1809 1863 1903 1892 esse

314 1926 453 1961 morte
475 1919 521 1960 P.
546 1919 674 1961 Clodi
697 1934 785 1961 non
808 1919 1159 1962 dissimulaverat
1187 1927 1231 1962 et
1257 1921 1465 1962 studebat
1493 1921 1535 1962 in
1561 1919 1774 1974 petitione
1798 1933 1902 1961 con-

312 1989 479 2030 sulatus
498 1988 655 2028 Miloni
677 1994 721 2029 et
744 2002 817 2029 reo
834 1988 1045 2031 adfuerat.
1107 1989 1148 2030 N
1153 1989 1424 2031 ominaverat
1441 2002 1616 2043 quoque
1631 2002 1732 2030 eum
1748 1987 1903 2030 Cicero

313 2063 587 2110 praesentem
611 2063 654 2098 et
674 2063 862 2099 testatus
884 2064 975 2099 erat
997 2057 1168 2099 audisse
1189 2071 1290 2099 eum
1312 2071 1338 2098 a
1359 2057 1422 2098 M.
1448 2058 1644 2099 Favonio
1664 2064 1766 2099 ante
1785 2057 1902 2099 diem

245 2139 294 2169 54
312 2126 490 2167 tertium
508 2139 639 2178 quam
658 2125 772 2167 sacta
789 2126 942 2168 caedes
958 2132 1062 2174 erat,
1079 2125 1283 2167 Clodium
1299 2126 1464 2167 dixisse
1485 2126 1726 2181 periturum
1741 2139 1836 2168 osse
1851 2138 1904 2167 eo
1924 2140 1940 2163 2

313 2195 459 2236 triduo
482 2194 694 2235 Milonem
719 2225 924 2237 .......
988 2194 1077 2236 Sed
1100 2195 1278 2235 Milonis
1300 2209 1475 2249 quoque
1495 2200 1647 2236 notam
1673 2194 1903 2236 audaciam

314 2262 518 2304 removeri
541 2277 566 2304 a
589 2277 632 2303 re
653 2263 825 2317 publica
842 2262 946 2304 utile
961 2263 1102 2304 visum
1119 2270 1198 2304 est.
1260 2263 1382 2305 Scire
1398 2270 1540 2305 tamen
1557 2277 1680 2305 nemo
1696 2277 1904 2318 umquam

314 2332 471 2385 potuit,
513 2338 658 2372 utram
707 2332 968 2373 sententiam
1016 2331 1194 2373 tulisset.
1268 2332 1540 2373 Damnatum
1580 2337 1729 2374 autem
1770 2345 1905 2387 opera

315 2400 510 2440 maxime
533 2399 654 2453 Appi
680 2399 838 2442 Claudi
855 2401 1187 2454 pronuntiatum
1215 2407 1293 2443 est.
1354 2400 1465 2443 Milo
1492 2408 1668 2456 postero
1696 2401 1767 2442 die
1793 2414 1904 2442 nova

542 2511 574 2544 6.
598 2522 705 2551 suam,
722 2511 884 2554 supplevi.
994 2522 1043 2544 12.
1067 2513 1174 2545 inveni
1189 2513 1256 2545 KS.
1274 2513 1307 2545 in
1324 2513 1518 2547 Addendis:
1542 2513 1688 2546 invenio.

361 2625 409 2657 15.
434 2626 534 2648 unus
550 2621 587 2648 et
603 2621 652 2648 1⁴:
678 2616 698 2647 i.
708 2627 736 2648 e.
750 2616 900 2658 eighteen
922 2621 1078 2656 senators,
1143 2617 1238 2650 other
1253 2618 1423 2650 occasions
1438 2629 1490 2651 see
1506 2619 1626 2661 Zumpt
1651 2629 1687 2660 p.
1704 2628 1756 2660 32·

316 2664 485 2691 seventeen
515 2661 650 2701 equites,
683 2660 748 2690 and
787 2661 910 2692 sixteen
947 2661 1082 2692 tribuni
1190 2671 1240 2693 20.
1263 2666 1312 2694 Π.
1330 2665 1506 2694 catonis:
1529 2672 1582 2694 see
1596 2672 1628 2704 p.
1645 2673 1677 2694 x.

315 2703 450 2734 aerarii.
498 2704 546 2734 As
572 2704 627 2734 the
645 2703 768 2735 verdict
791 2714 856 2735 was
878 2704 1079 2735 determined
1188 2713 1237 2743 23.
1260 2715 1325 2736 reo
1340 2708 1531 2737 adfuerat:
1557 2706 1677 2737 Ascon.
1691 2714 1744 2746 35.

315 2747 357 2787 by
373 2758 393 2777 a
408 2747 584 2778 numerieal
602 2747 752 2787 majority
768 2746 806 2777 of
818 2752 918 2785 votes,
939 2747 1003 2778 and
1020 2755 1079 2779 not
1187 2757 1237 2788 24.
1261 2752 1311 2779 Π.
1328 2752 1511 2782 ravonio:
1537 2748 1576 2781 cf.
1596 2751 1634 2787 §§
1655 2748 1703 2787 26,
1721 2759 1774 2789 44.

314 2790 358 2830 by
374 2790 521 2830 carrying
541 2795 605 2821 two
633 2795 688 2821 out
714 2791 751 2820 of
773 2790 827 2821 the
847 2790 937 2822 three
958 2790 1079 2822 classes
1186 2800 1235 2832 29.
1267 2795 1553 2828 pronuntiatum
1590 2796 1668 2824 ent:
1720 2793 1777 2824 the
1813 2791 1904 2824 effect

316 2832 462 2875 [singuli
475 2832 632 2873 ordines}
651 2833 716 2864 this
739 2843 822 2874 gave
838 2844 879 2864 an
895 2834 1078 2875 advantage
1140 2834 1178 2865 of
1202 2834 1268 2865 this
1298 2834 1500 2866 declaration
1521 2834 1632 2866 would
1661 2835 1701 2867 be
1730 2840 1766 2867 to
1791 2834 1904 2867 entitle

312 2881 348 2907 to
364 2876 419 2907 the
441 2876 621 2917 privileged
644 2876 754 2907 orders
771 2876 881 2917 [Fam.
898 2877 962 2908 viii.
981 2879 1010 2908 8.
1028 2877 1076 2917 3].
1139 2877 1208 2908 him
1231 2883 1266 2909 to
1289 2878 1344 2910 the
1359 2879 1551 2920 praemium
1567 2877 1656 2920 legis,
1674 2877 1703 2909 if
1719 2877 1761 2910 he
1780 2878 1904 2911 wished

315 2919 382 2950 For
396 2919 451 2951 the
466 2920 602 2950 number
620 2920 658 2951 of
674 2920 728 2952 the
740 2919 813 2961 jury
828 2930 916 2962 upon
931 2920 997 2952 this
1012 2921 1076 2952 and
1138 2921 1188 2952 for
1204 2921 1239 2953 it.
