1942 3236
593 195 673 238 IN
705 196 1153 244 MILONIANAM.
1593 217 1613 248 1
1623 217 1676 263 13

13 343 42 404 ¹ss
125 309 279 369 (§46.)
338 311 492 355 Dixit
513 311 561 356 C.
584 311 864 356 Causinius
891 314 1078 359 Schola
1100 316 1512 371 Interamnanus,
1534 321 1675 364 fami-

22 379 377 425 liar-issimus
407 388 460 424 et
486 382 619 425 idem
649 396 821 426 comes
856 384 1019 438 Clodi,
1043 386 1090 428 P.
1114 386 1355 431 Clodium
1388 390 1478 433 illo
1510 392 1594 434 die
1626 392 1674 433 in

69 449 279 500 A,1bano
299 464 596 495 mansurum
620 451 792 495 fuisse.

126 519 216 563 Hic
243 520 327 563 fuit
356 519 600 572 Causinius,
627 522 747 576 apud
772 537 904 578 quem
937 524 1119 567 Clodius
1151 527 1365 569 mansisse
1399 528 1676 572 Interamnae

22 587 206 633 videri
223 589 405 634 volebat
430 604 521 646 qua
549 597 681 634 nocte
706 592 1006 647 deprehensus
1027 601 1093 636 est
1116 595 1158 636 in
1181 595 1380 638 Caesaris
1402 598 1549 648 domo,
1574 612 1674 641 curn

27 685 45 743 ᾇ
23 658 164 704 ibi
149 672 196 702 m
215 665 374 717 operto
393 660 583 717 virgines
602 674 684 718 pro
706 661 873 717 populo
895 663 1103 707 Romano
1124 678 1247 707 sacra
1269 664 1472 709 facerent.

693 826 864 870 PAULO
898 827 1040 870 PosT.

24 959 49 983 ε.
80 971 87 979 .
125 938 170 1000 (ξ
189 940 281 1000 47.)
311 941 480 993 Scitis,
502 941 715 994 iudices,
745 942 918 992 fuisse,
940 943 1025 998 qui
1056 943 1104 984 in
1137 943 1230 986 hac
1262 945 1534 1001 rogatione
1561 960 1672 989 sua·
1691 955 1740 986 50

32 1003 44 1018 '³
68 1011 238 1056 denda
272 1011 470 1055 diceret
501 1011 716 1054 Milonis
753 1025 901 1054 manu
935 1013 1143 1055 caedem
1177 1027 1291 1056 esse
1327 1014 1529 1066 factam,
1560 1030 1675 1058 con-

14 1080 191 1131 iosilio
223 1094 348 1124 vero
380 1081 595 1124 maioris
623 1079 859 1124 alicuius.
921 1081 1003 1124 Me
1037 1082 1287 1125 videlicet
1328 1083 1584 1127 latronem
1627 1092 1677 1128 et

16 1207 19 1210 ἱ
67 1149 314 1195 sicarium
333 1151 530 1193 abiecti
551 1150 788 1193 homines
810 1157 860 1193 et
882 1151 1076 1204 perditi
1099 1153 1480 1196 describebant.

35 1216 37 1218 ’
127 1219 185 1276 Q.
227 1220 464 1277 Pompeius
506 1220 651 1263 Rufus
692 1227 737 1263 et
778 1220 828 1263 C.
867 1219 1104 1263 Sallustius
1145 1222 1308 1264 tribuni
1350 1222 1525 1265 fuerunt
1566 1237 1678 1278 quos

36 1288 301 1345 asignificat.
362 1289 425 1332 Hi
457 1290 576 1332 enim
602 1290 730 1345 primi
762 1291 820 1332 de
846 1304 897 1332 ea
926 1290 1023 1345 lege
1056 1290 1236 1333 ferenda
1268 1292 1483 1347 populum
1514 1293 1678 1335 hortati
1723 1333 1728 1338 .

50 1363 173 1402 ‘sunt
194 1365 240 1402 et
259 1358 470 1402 dixerunt
491 1372 519 1402 a
540 1373 675 1402 manu
697 1359 879 1401 Milonis
906 1360 1099 1402 occisum
1130 1374 1226 1403 esse
1247 1360 1468 1413 Clodium,
1493 1363 1678 1406 consilio

32 1440 53 1479 ε
67 1440 175 1472 vero
195 1428 375 1471 maioris
395 1427 590 1471 alicuius.

126 1496 171 1555 (ξ
190 1491 280 1555 49.)
310 1498 477 1553 Atqui
509 1505 563 1541 ut
594 1498 674 1540 illi
705 1505 990 1541 nocturnus
1021 1500 1278 1542 adventus
1299 1501 1541 1543 vitandus
1568 1501 1678 1551 fuit,

69 1567 147 1614 sic
165 1567 364 1619 Miloni,
384 1581 499 1610 cum
521 1568 803 1610 insidiator
827 1575 975 1620 esset,
998 1569 1039 1609 si
1062 1568 1206 1610 illurn
1233 1570 1295 1611 ad
1326 1571 1503 1612 urbem
1522 1577 1678 1614 noctu

38 1650 400 1687 successurum
422 1637 642 1688 sciebat,
662 1637 1039 1679 subsidendum
1065 1644 1110 1680 et
1131 1646 1289 1680 cetera.

127 1706 218 1750 via
248 1706 404 1763 Appia
434 1713 502 1749 est
531 1720 671 1763 prope
703 1708 859 1750 urbem
893 1714 1232 1749 monumentum
1268 1708 1414 1759 Basili,
1450 1709 1525 1764 qui
1560 1708 1680 1752 locus

69 1768 309 1821 latrociniis
339 1775 421 1819 fuit
451 1776 719 1832 perinfamis,
741 1777 863 1831 quod
896 1790 955 1817 ex
987 1776 1084 1818 aliis
1105 1791 1283 1832 quoque
1309 1778 1457 1820 multis
1483 1778 1680 1834 intellegi

70 1852 232 1904 potest.

130 1912 176 1973 (ᾗ
194 1913 286 1973 55.)
315 1914 552 1958 Comites
589 1914 829 1958 Graeculi
861 1929 1188 1971 quocumque
1220 1916 1343 1968 ibat,
1377 1916 1534 1958 etiam
1569 1930 1679 1959 cum

71 1983 125 2034 in
143 1990 319 2028 castra
341 1985 569 2028 Etrusca
589 1985 920 2041 properabat.

131 2053 277 2111 Saepe
293 2054 454 2097 obiecit
468 2053 630 2097 Clodio
647 2054 802 2098 Cicero
819 2055 991 2097 socium
1013 2068 1115 2097 eum
1137 2028 1449 2097 coniurationis
1465 2055 1681 2098 Catilinae

22 2136 56 2175 ,⁸1
71 2123 236 2178 suisse3
266 2138 401 2180 quam
428 2138 523 2166 rem
548 2138 664 2167 nunc
692 2138 871 2180 quoque
899 2125 1086 2167 reticens
1108 2123 1315 2166 ostendit.
1380 2125 1543 2167 Fuerat
1565 2125 1680 2166 enim

48 2191 53 2197 ’
72 2194 238 2250 opinio,
251 2200 301 2237 ut
318 2193 512 2238 Catilina
524 2207 583 2237 ex
601 2194 708 2236 urbe
730 2194 985 2249 profugerat
1007 2194 1051 2235 in
1073 2200 1218 2237 castra
1236 2194 1375 2236 Manli
1398 2195 1682 2244 centurionis,

28 2264 149 2319 qui
168 2270 265 2307 tum
286 2265 331 2306 in
345 2263 524 2307 Etruria
539 2264 595 2306 ad
612 2263 821 2306 Faesulas
838 2264 1081 2306 exercitum
1099 2264 1139 2305 ei
1156 2264 1455 2317 comparabat,
1472 2263 1680 2306 Clodium

43 2327 282 2389 {subsequi
311 2347 414 2376 eum
443 2332 639 2376 voluisse
668 2340 713 2376 et
744 2333 953 2388 coepisse,
973 2340 1070 2375 tum
1098 2333 1199 2375 dein
1229 2338 1400 2375 mutato
1432 2332 1612 2375 consilio
1639 2332 1682 2374 in

26 2451 28 2455 ,
50 2419 51 2422 ’
72 2403 228 2446 urbem
255 2403 431 2445 redisse.

24 2473 60 2522 {Q
131 2471 174 2530 (ξ
195 2470 284 2528 67.)
314 2472 432 2515 Non
467 2472 567 2515 iam
603 2471 700 2514 hoc
737 2471 1044 2514 Clodianum
1078 2470 1268 2513 crimen
1311 2470 1561 2522 timemus,
1592 2470 1682 2512 sed

27 2547 202 2595 ,'·tuas‚
238 2541 324 2586 Cn.
361 2542 686 2598 Pompei—te
721 2542 858 2584 enim
895 2541 1124 2597 appello,
1163 2546 1214 2582 et
1249 2553 1307 2582 ea
1346 2553 1483 2591 voce,
1514 2545 1569 2583 ut
1604 2552 1683 2582 me

118 2705 150 2739 4.
167 2699 275 2736 md
299 2706 430 2735 qum.
466 2697 640 2736 Asconius,
672 2707 708 2728 as
737 2695 844 2734 usual,
910 2700 982 2727 tom
998 2694 1037 2727 of
1049 2694 1211 2726 Asconius
1226 2698 1262 2725 to
1278 2692 1402 2734 merely
1414 2692 1612 2734 paraphrase
1628 2693 1685 2726 the

109 2750 166 2774 ves
194 2751 215 2773 a
243 2741 336 2783 piece
367 2739 406 2773 os
430 2739 599 2773 recondite
623 2740 846 2772 information
911 2743 991 2777 text,
1010 2748 1047 2770 as
1062 2738 1173 2769 would
1191 2738 1232 2768 be
1248 2736 1304 2769 the
1321 2747 1395 2768 case
1410 2736 1439 2768 if
1451 2735 1507 2768 the
1524 2737 1684 2769 omission

73 2749 253 2817 suasimus
274 2785 303 2817 is
325 2788 384 2816 not
405 2784 596 2816 mentioned
611 2783 789 2816 elsewhere
812 2794 850 2815 as
913 2783 952 2815 of
963 2783 1084 2814 cuius.
1127 2782 1278 2813 ,Romae
1294 2790 1378 2812 were
1394 2780 1458 2812 due
1475 2784 1510 2811 to
1522 2780 1684 2812 accident.

74 2826 279 2862 thewimoes
300 2834 336 2861 to
355 2828 412 2860 the
432 2828 518 2860 alibi
531 2828 570 2860 of
582 2828 733 2860 Clodius
782 2827 850 2859 For
961 2835 1010 2868 19.
1036 2828 1179 2857 Buffl:
1204 2824 1245 2857 cf.
1268 2825 1337 2856 Att.
1355 2824 1409 2855 vii.
1426 2834 1456 2865 9.
1482 2833 1495 2855 1
1523 2823 1683 2866 (litteras)

74 2871 133 2907 the
161 2871 322 2904 scholium
360 2871 505 2904 founded
541 2882 632 2914 upon
670 2872 722 2903 his
758 2876 847 2909 note,
915 2895 922 2903 .
983 2870 1054 2902 L.
1075 2868 1269 2909 Quintum,
1274 2867 1473 2909 fami'lzaris
1494 2877 1594 2905 meus,
1610 2878 1686 2899 cum

54 2926 55 2929 ¹
75 2914 185 2948 which
201 2915 262 2948 has
275 2915 375 2948 made
390 2916 434 2948 its
442 2926 517 2958 way
532 2915 605 2948 into
620 2915 667 2947 all
683 2915 740 2947 the
753 2915 850 2946 MSS.
903 2913 1024 2956 ferret,
1057 2913 1103 2944 ad
1130 2912 1263 2944 bustum
1294 2911 1411 2943 Basili
1435 2911 1627 2943 volneratus
1656 2916 1688 2944 et

72 2963 194 3002 except
207 2959 256 3000 H,
273 2969 327 2993 see
349 2961 367 2998 ξ
384 2959 427 3002 46
443 2969 479 2991 n.
524 2959 557 2992 It
580 2960 610 2992 is
624 2963 684 2991 not
706 2959 763 2992 the
779 2968 850 2991 cus·
915 2938 1076 3000 spolza'tus
1091 2960 1146 2988 cst.

875 3022 893 3055 1
