1942 3236
523 204 656 248 PRO
702 205 746 248 T.
788 204 1002 249 ANNIO
1040 206 1307 250 MILONE.
1666 216 1717 248 11

109 323 223 368 versi
253 322 430 376 ordinis,
458 337 592 378 quam
625 337 705 366 nec
734 323 882 366 tacitis
913 337 992 366 nec
1021 323 1228 367 occultis!
1282 323 1474 378 Quando
1498 324 1615 366 enim
1638 324 1719 366 sre-

110 394 399 451 quentissimo
418 400 575 436 senatu
595 399 807 447 quattuor
833 399 911 435 aut
936 407 1157 436 summurn
1187 393 1383 448 quinque
1411 401 1514 435 sunt
1543 394 1721 444 inventi,

59 501 62 508 .
109 463 188 520 qui
219 462 402 507 Milonis
434 476 614 506 causam
647 477 736 505 non
767 464 1036 519 probarent?
1088 463 1328 506 Declarant
1363 464 1492 506 huius
1526 463 1721 506 ambusti

110 539 165 576 tr.
201 533 262 590 pl.
299 532 400 575 illae
435 533 753 575 intermortuae
789 534 1030 584 contiones,
1067 533 1227 587 quibus
1263 533 1426 576 cotidie
1462 547 1605 575 meam
1642 547 1721 587 po-

78 655 79 658 *
111 604 298 647 tentiam
324 603 539 646 invidiose
565 603 892 654 criminabatur,
921 616 1020 644 curn
1051 603 1217 645 diceret
1248 609 1450 644 senatum
1483 616 1570 644 non
1602 603 1720 657 quod

111 673 306 725 sentiret,
345 673 424 716 sed
464 673 584 728 quod
626 686 711 727 ego
750 672 911 714 vellem
958 673 1206 715 decernere.

111 743 312 800 potentia
342 749 412 786 est
446 742 714 797 appellanda
755 742 905 797 potius
948 755 1082 796 quarn
1119 748 1301 796 propter
1346 755 1510 796 magna
1549 741 1592 782 in
1629 754 1721 782 rem

58 865 61 870 .
110 811 335 868 publicam
357 813 516 855 merita
537 812 771 854 mediocris
793 812 836 853 in
858 811 984 853 bonis
1011 811 1153 853 causis
1179 811 1419 853 auctoritas
1447 817 1523 852 aut
1544 816 1725 864 propter

110 881 195 925 hos
229 881 449 925 officiosos
485 881 660 924 labores
696 894 820 923 meos
852 894 941 922 non
971 880 1092 922 nulla
1124 880 1242 934 apud
1276 881 1418 922 bonos
1451 879 1608 935 gratia,
1643 892 1723 933 ap-

55 964 96 992 o
113 950 301 1007 pelletur
318 951 383 994 ita
401 964 518 1002 sane,
540 951 650 993 dum
673 952 809 993 modo
837 964 889 992 ea
916 964 996 992 nos
1024 957 1201 991 utamur
1229 963 1309 1004 pro
1337 949 1479 991 salute
1507 951 1724 991 bonorum

1294 672 1422 727 Quae
1462 672 1642 726 quidem
1685 671 1721 712 si

111 1027 265 1065 contra
283 1021 526 1065 amentiam
546 1021 833 1078 perditorum.
896 1020 1029 1062 Hanc
1050 1033 1155 1061 vero
1179 1019 1499 1074 quaestionem,
1523 1018 1606 1060 etsi
1634 1031 1723 1059 non
1741 1026 1785 1056 13

113 1097 182 1135 est
197 1091 360 1146 iniqua,
377 1105 619 1146 numquam
637 1096 788 1132 tamen
805 1096 987 1132 senatus
1002 1089 1359 1131 constituendam
1377 1088 1548 1143 putavit
1565 1103 1575 1137 ;
1601 1093 1726 1129 erant

113 1161 232 1204 enim
253 1159 388 1218 leges,
409 1167 533 1204 erant
553 1161 835 1216 quaestiones
855 1159 924 1201 vel
945 1159 1003 1201 de
1030 1159 1166 1201 caede
1187 1158 1256 1200 vel
1281 1159 1337 1200 de
1361 1159 1416 1207 vi,
1444 1171 1524 1199 nec
1551 1163 1724 1199 tantum

54 1334 58 1335 κ
175 1317 206 1343 1.
236 1308 349 1342 enim:
384 1309 488 1342 etiam
511 1308 664 1348 Ernesti;

52 1376 53 1379 =
112 1362 285 1387 summum
301 1353 370 1387 Ta:
392 1363 564 1385 summum
580 1353 647 1385 del.
663 1353 790 1396 Lange.

59 1420 61 1422 -
114 1396 270 1431 Kraffert.
411 1398 443 1430 8.
467 1403 524 1430 aut
539 1407 603 1430 om.
629 1397 678 1430 H.

161 1540 190 1566 1.
229 1535 355 1566 onim·
393 1531 452 1565 the
484 1531 639 1575 repeated
674 1532 767 1564 enim
804 1531 887 1564 after

62 1598 64 1601 v
113 1575 267 1620 quatiam
288 1586 382 1609 emm
407 1575 471 1609 has
493 1577 591 1619 given
615 1575 752 1609 offenee.
812 1575 886 1608 The

55 1639 59 1654 -,
114 1620 252 1660 clauses,
275 1619 442 1660 however,
464 1631 520 1653 are
545 1624 606 1653 not
630 1619 772 1663 parallel
795 1630 887 1660 ones,

49 1697 51 1702 A
114 1664 204 1705 since
219 1663 372 1707 quotiens
382 1664 474 1696 enim
489 1664 519 1696 is
534 1664 771 1706 exclamatory‚
787 1663 888 1696 while

85 1754 90 1762 .
114 1708 249 1786 gando
265 1708 358 1740 enim
375 1708 405 1741 is
423 1708 669 1760 interrogative.
716 1708 769 1741 Cf.
787 1708 886 1740 Tusc.

193 1762 219 1784 ιι
261 1752 317 1794 58,
346 1752 410 1785 Ac.
439 1753 475 1785 ii.
512 1753 586 1785 108.
641 1752 680 1784 In
718 1752 798 1784 Nat.
841 1752 885 1784 D.

114 1795 139 1830 i.
182 1795 224 1829 16
267 1801 334 1829 tres
370 1795 462 1828 enim
499 1796 600 1829 trium
636 1795 888 1837 disciplinarum

59 1898 61 1901 -
95 1839 737 1926 ‘wssuffissfflffiilsssohiiass'fimff
757 1839 890 1916 5:⁵3.ss

114 1927 223 1968 locus,
250 1928 350 1960 Miill.
374 1928 470 1961 reads
495 1929 544 1961 M.
560 1895 685 1960 {utem
703 1895 889 1967 Piso,cand

115 1981 139 2005 ι
163 1952 292 2006 similar
314 1972 489 2005 alteration
514 1972 622 2014 might
649 1973 689 2004 be
714 1971 891 2014 suggested

51 2028 53 2030 ·
115 2015 204 2050 here.
242 2015 316 2049 The
327 2015 500 2048 confusion
512 2017 553 2048 of
559 2017 651 2048 enim
663 2016 727 2048 and
737 2021 849 2048 autem
861 2016 891 2047 is

114 2064 177 2094 not
189 2069 391 2094 uncommon
403 2060 548 2093 iuMSS.
585 2060 646 2093 See
658 2060 751 2101 RH„
764 2071 797 2102 p.
816 2060 890 2100 284.

163 2113 194 2138 ².
222 2113 434 2137 mm:
469 2104 512 2137 cf.
545 2107 562 2144 §
587 2103 638 2143 26,
671 2104 806 2146 Quinct.
837 2104 887 2145 78,

115 2148 210 2182 Verr-
225 2146 263 2181 ii.
281 2156 357 2191 129.
403 2148 477 2181 The
493 2148 683 2191 corruption
698 2148 746 2180 ad
763 2148 814 2180 for
829 2152 892 2180 aut

115 2193 147 2226 is
175 2203 197 2225 a
222 2193 350 2225 variant
379 2191 414 2224 in
437 2192 534 2225 other
560 2202 728 2235 passages,
755 2192 819 2224 due
854 2196 890 2224 to

115 2237 294 2280 ignora-nee
323 2235 364 2268 of
394 2236 451 2269 the
486 2236 720 2269 construction.
775 2236 891 2279 Lange

117 2279 286 2323 strangely
300 2285 450 2323 suspects
463 2290 646 2313 summum.

226 2327 442 2357 coelunt·
479 2325 530 2357 for
560 2324 616 2357 the
646 2324 763 2366 ellipse
790 2323 829 2356 of
855 2324 895 2356 id

74 2367 75 2376 ¹
117 2367 160 2402 cs.
173 2367 265 2404 Phil.
281 2378 312 2402 v,
332 2377 375 2410 43
397 2379 465 2401 non
488 2368 577 2401 enim
600 2369 754 2400 omnibus
776 2368 891 2401 Sullae

117 2422 218 2446 causa
253 2417 358 2455 grata.
407 2413 569 2445 Declarat
604 2412 787 2445 multitudo
814 2422 890 2455 pro-

48 2465 50 2467 ’
118 2456 327 2500 scriptorum,
345 2456 391 2489 ib.
409 2456 465 2489 xii.
487 2465 539 2498 24,
557 2457 617 2489 Ac.
635 2457 669 2489 ii.
691 2456 739 2488 16.

161 2503 350 2534 unm.
374 2501 498 2543 ᾼξξοῑι.
509 2510 588 2542 says
609 2501 646 2532 of
666 2500 706 2532 T.
721 2501 893 2532 Munatius

118 2543 263 2578 Plancus
277 2544 343 2577 and
356 2544 398 2586 Q.
412 2544 590 2588 Pompeius
602 2545 708 2576 Rufus
725 2544 797 2576 that
814 2544 892 2585 they

118 2592 275 2633 Qun
280 2587 487 2631 harenguing
498 2589 581 2621 until
594 2588 671 2630 they
683 2599 767 2622 were
778 2588 891 2620 driven

118 2640 216 2708 Qu*
245 2632 290 2675 bx
318 2631 384 2669 the
404 2631 530 2665 flames.
587 2632 728 2665 Plancus
757 2633 786 2664 is
816 2631 894 2665 here

118 2676 196 2719 sing
209 2675 251 2709 ed
273 2680 332 2709 out
354 2676 399 2719 by
413 2675 532 2709 Cicero
553 2687 591 2709 as
606 2676 684 2709 the‘
696 2677 744 2708 sin
747 2674 833 2718 g'ed
856 2686 895 2708 or

122 2720 277 2753 ‘masted
287 2720 295 2733 '
311 2721 449 2753 tribune.
495 2720 569 2753 The
583 2726 665 2753 term
688 2721 718 2752 is
733 2719 895 2763 specially

71 2809 74 2812 ἡ
121 2764 450 2840 npggopriate,tsigce
471 2765 589 2797 ardere
591 2774 637 2841 ἐξ
658 2764 755 2838 oster}
764 2763 898 2839 usedlpf

121 2817 483 2885 :rderiti‘oixribuliiallxlle'
500 2814 817 2894 eitghlsostgulglgeslg
832 2817 896 2883 lthce

123 2896 246 2972 3,th
237 2896 341 2972 ἕξῖζῗέ
351 2895 416 2981 3¹2³
427 2896 683 2973 3⁰323323332
693 2896 896 2973 2553?ss

124 2993 184 3017 sun
195 2994 300 3028 prope
310 2983 504 3022 ambustus;
528 2985 574 3018 ib.
590 2995 643 3027 40.
659 2995 671 3017 1
692 2995 727 3018 se
734 2950 895 3027 pegulare

707 1308 842 1352 quidem
872 1308 992 1340 Heine.

1220 1315 1251 1338 2.
1275 1310 1334 1338 aut
1360 1316 1525 1338 summum
1554 1305 1640 1337 HE:
1683 1305 1731 1337 ad

984 1360 1016 1393 5.
1041 1350 1149 1393 quod:
1173 1361 1258 1393 quae
1275 1350 1323 1390 H,
1339 1350 1410 1392 ipse
1429 1353 1506 1392 post
1520 1349 1610 1392 quod
1626 1349 1726 1382 inser.

825 1405 880 1428 11.
901 1396 1105 1428 contratavit
1118 1395 1159 1433 T,
1175 1405 1238 1427 om.
1255 1395 1434 1426 amentiam
1453 1418 1461 1425 .
1480 1418 1488 1426 .
1507 1418 1515 1426 .
1532 1404 1589 1436 pu.

955 1530 1167 1563 incendium.
1215 1533 1419 1562 ,semustum
1442 1527 1610 1571 effugisse3
1642 1527 1726 1560 Har.

956 1575 1056 1616 Resp.
1072 1585 1093 1616 4
1108 1574 1298 1606 ambustum
1315 1573 1572 1624 religiosissimis
1595 1572 1730 1614 zgnibus

956 1629 997 1651 ex
1012 1619 1115 1650 domo
1128 1618 1295 1661 pontificis
1306 1617 1445 1649 maximi
1461 1617 1626 1649 emissum.

1001 1673 1032 1704 4.
1057 1666 1352 1695 intermortuae:
1403 1662 1424 1693 i.
1435 1672 1462 1693 e.
1499 1660 1615 1692 ‘dead-
1620 1658 1729 1692 alive.¹

958 1707 1055 1739 Inter
1083 1705 1117 1737 in
1148 1705 1215 1738 this
1248 1705 1314 1737 and
1346 1705 1474 1737 similar
1502 1705 1620 1744 words,
1652 1715 1679 1736 e.
1694 1714 1728 1746 g.

957 1750 1164 1786 interaresco.
1191 1761 1227 1782 as
1253 1750 1287 1781 in
1311 1749 1410 1782 Tusc.
1440 1749 1483 1781 D.
1511 1759 1542 1780 v.
1573 1756 1613 1780 10
1644 1747 1729 1779 nihil

958 1794 1205 1833 interarescere,
1231 1793 1315 1825 nihil
1346 1793 1520 1834 exstingui,
1547 1792 1575 1823 is
1598 1791 1669 1824 said
1692 1797 1729 1824 to

958 1838 1078 1880 signify
1095 1837 1175 1869 the‘
1191 1837 1349 1879 breaking
1371 1837 1410 1869 of
1428 1835 1622 1877 continuity,
1639 1846 1728 1878 espe-

958 1882 1060 1924 cially
1086 1882 1129 1924 by
1155 1880 1278 1922 death,'
1304 1881 1415 1923 Roby,
1441 1890 1535 1923 1999.
1584 1881 1651 1912 For
1673 1880 1730 1911 the

958 1927 1050 1958 word
1077 1926 1118 1957 cf.
1150 1926 1222 1957 Att.
1252 1926 1275 1958 i.
1310 1934 1362 1966 14.
1393 1936 1424 1967 4,
1456 1925 1544 1956 Mur.
1578 1923 1630 1962 16,
1662 1923 1728 1955 Pis.

963 1969 1013 2002 16.
1053 1970 1091 2002 In
1105 1970 1175 2002 Att.
1189 1970 1223 2002 ii.
1242 1979 1289 2010 19.
1307 1978 1336 2009 3,
1352 1979 1428 2000 cum
1444 1969 1584 2000 venisset
1601 1971 1730 1999 mortuo

958 2014 1088 2056 plausu,
1115 2014 1133 2045 I
1159 2013 1271 2045 would
1301 2013 1379 2046 read
1410 2013 1642 2051 intermortua,
1674 2012 1730 2043 the

958 2057 1142 2099 conjecture
1172 2057 1210 2089 of
1235 2057 1349 2090 Orelli.

958 2102 1131 2134 semivivis
1146 2102 1292 2134 vocibus.

1002 2148 1236 2184 potentiam.
1260 2157 1280 2177 a
1290 2148 1383 2178 taunt
1395 2143 1579 2186 frequently
1590 2142 1730 2175 levelled

958 2194 992 2221 at
1022 2190 1150 2226 Cicero,
1182 2200 1220 2221 as
1252 2189 1484 2230 browbeating
1513 2188 1569 2220 the
1607 2193 1730 2220 senate.

959 2233 1009 2266 Cs.
1035 2234 1107 2265 Att.
1132 2233 1152 2266 i.
1187 2233 1237 2265 16.
1269 2242 1308 2265 10
1336 2243 1506 2276 quousque
1536 2257 1544 2265 .
1612 2231 1731 2263 .hunc

958 2287 1064 2319 regem
1102 2277 1389 2316 feremus;Su11.
1433 2286 1471 2308 22
1510 2286 1563 2307 me
1597 2275 1731 2307 tertium

957 2321 1166 2364 peregrinum
1183 2332 1288 2363 regem
1304 2331 1373 2353 esse
1389 2319 1508 2352 dixisti.

1007 2375 1035 2406 5.
1060 2369 1157 2403 quod.
1187 2369 1372 2398 sentiret:
1418 2365 1474 2396 the
1511 2363 1667 2396 insertion
1698 2361 1736 2393 of

960 2408 1038 2452 ipse,
1055 2420 1091 2441 as
1118 2409 1284 2452 proposed
1309 2409 1352 2451 by
1373 2408 1529 2447 Kraffert,
1547 2408 1575 2439 is
1598 2407 1630 2438 in
1655 2416 1730 2438 con-

960 2453 1097 2495 formity
1106 2454 1187 2485 with
1200 2453 1395 2486 Ciceronian
1412 2452 1538 2483 idiom:
1566 2451 1606 2483 cf.
1619 2451 1659 2482 de
1673 2450 1731 2482 Or.

961 2497 996 2530 ii.
1014 2507 1052 2538 41
1080 2507 1186 2539 neque
1209 2507 1286 2529 sane
1306 2497 1385 2540 quid
1412 2496 1478 2537 ipse
1503 2495 1651 2532 sentzssret
1673 2494 1731 2526 sed

986 2542 1041 2573 uid
1064 2541 1104 2572 ab
1126 2541 1207 2573 alizs
1237 2541 1399 2574 diceretur
1421 2551 1459 2571 os
1461 2539 1586 2579 tendit3
1613 2539 1658 2571 ib.
1683 2538 1730 2570 iii.

959 2551 1025 2627 ἔῃ
1050 2585 1126 2618 Div.
1146 2586 1167 2618 i.
1187 2594 1237 2617 11.

1277 2654 1285 2662 .
1303 2633 1370 2660 aut
1385 2631 1562 2666 propter·
1555 2652 1561 2659 .
1594 2626 1611 2658 Ι
1627 2625 1733 2669 prefer

1564 2694 1572 2702 .
1593 2675 1656 2702 aut
1677 2680 1733 2701 are

1007 2636 1036 2672 7.
1055 2633 1212 2667 propter
1227 2653 1234 2661 .
1252 2653 1259 2660 .

962 2677 998 2705 to
1015 2673 1095 2705 read
1114 2677 1178 2704 aut
1197 2683 1289 2712 once,
1306 2673 1394 2704 since
1413 2675 1475 2703 aut
1498 2695 1506 2704 .
1532 2695 1539 2702 .

962 2717 1203 2758 idiomatieally
1219 2717 1299 2748 used
1309 2722 1345 2748 to
1355 2716 1474 2748 denote
1486 2721 1553 2746 two
1570 2713 1732 2756 mutually

962 2761 1131 2793 exclusive
1165 2760 1384 2798 alternatives‚
1410 2770 1437 2791 e.
1449 2770 1482 2801 g.
1509 2759 1552 2790 N.
1572 2759 1615 2790 D.
1642 2758 1662 2790 i.
1692 2766 1732 2797 70

963 2810 1025 2837 aut
1050 2805 1151 2837 etiam
1174 2809 1236 2837 aut
1255 2815 1341 2837 non:
1376 2804 1448 2836 Fat.
1479 2812 1517 2844 19
1543 2806 1604 2834 aut
1620 2812 1731 2834 verum

963 2853 1026 2881 aut
1041 2849 1171 2881 falsum.
1221 2848 1339 2888 Halm,
1350 2847 1471 2887 feeling
1487 2847 1542 2878 the
1559 2845 1730 2886 difficulty.

962 2893 1135 2926 remarked
1165 2892 1238 2925 that
1266 2893 1323 2924 vel
1342 2917 1349 2923 .
1374 2916 1381 2923 .
1407 2916 1413 2923 .
1439 2891 1494 2922 vel
1518 2890 1626 2931 might
1655 2889 1731 2921 here

962 2937 1047 2970 have
1063 2937 1145 2969 been
1161 2936 1251 2969 used.
1299 2936 1359 2968 See
1376 2935 1525 2976 Madvig,
1543 2933 1617 2974 436.

1011 2990 1061 3023 13.
1083 2985 1211 3021 loges:
1239 2991 1284 3014 sc.
1309 2980 1361 3013 lex
1386 2979 1542 3013 Cornelia
1561 2978 1671 3010 Sullae
1690 2976 1732 3010 de

1396 2056 1448 2089 Cf.
1475 2056 1546 2088 also
1563 2055 1644 2088 Sest.
1667 2054 1729 2088 126
1787 2078 1792 2082 .
