1942 3236
556 193 636 236 IN
673 194 770 238 OR.
804 195 937 238 PRO
975 196 1241 242 MILONE.
1625 214 1703 246 121

160 309 216 355 ib.
245 308 411 366 Atqui
443 309 488 354 si
520 316 729 366 tempus
762 318 840 354 est
874 312 1034 355 ullum
1068 313 1178 357 iure
1213 315 1440 360 hominis
1477 319 1707 361 necandi.

62 433 70 451 ⁵
159 384 434 429 Pertinenter
453 391 500 428 et
520 385 612 428 cito
632 399 659 427 a
679 392 841 441 genere
868 388 924 429 ad
950 389 1142 442 speciem
1170 390 1398 446 prolapsus
1419 399 1495 444 est,
1517 393 1600 435 hoc
1620 395 1708 436 iam

35 480 37 482 -
99 453 436 499 confirmaturus
457 455 544 497 alio
568 455 780 511 exemplo
808 462 852 498 et
878 457 1085 509 iudicato,
1107 459 1408 502 insidiatorem
1432 462 1477 504 P.
1501 461 1708 505 Clodium

41 547 44 549 >
98 523 283 568 interfici
323 538 351 567 a
395 523 565 583 Milone
604 525 817 580 potuisse,
858 527 1037 580 quando
1082 528 1215 570 etiam
1258 529 1383 572 miles
1426 531 1469 572 in
1511 533 1708 574 exercitu

35 603 51 649 ᾗ,
99 592 150 638 C.
170 592 286 637 Mari
307 593 365 636 de
387 594 550 636 tribuni
571 594 639 635 sui
660 594 1001 650 interemptione
1023 596 1248 639 confessus
1274 599 1550 654 imperatoris
1573 601 1709 656 ipsius

98 662 262 707 iudicio
295 662 506 706 liberatus
545 664 616 707 sit.
677 664 783 707 Fuit
819 671 971 707 autem
1006 665 1056 708 C.
1096 667 1256 708 Lusius
1286 668 1488 711 tribunus
1520 671 1709 713 militum

36 723 69 821 ἒ
97 732 260 776 sororis
293 731 408 775 filius
441 732 491 776 C.
525 733 652 786 Mari,
684 734 761 788 qui
800 733 919 776 bello
962 734 1185 779 Cimbrico
1228 737 1273 778 Ρ.
1309 738 1580 781 Trebonium
1619 740 1710 782 sive

36 830 74 883 ἶ
97 800 363 846 Arruntium
389 803 579 846 militem
611 817 741 845 suum
770 803 937 846 liberali
969 804 1078 847 facie
1103 807 1365 860 praeditum,
1386 822 1522 862 quum
1548 810 1708 864 partim

24 870 38 885 ²
58 866 309 916 minando
343 873 506 928 partim
548 873 747 928 praemio
783 873 1010 916 offerendo
1046 875 1102 916 ad
1145 888 1403 918 consensum
1437 878 1577 932 stupri
1618 892 1708 921 non

32 938 312 1020 {potuisset
351 941 540 992 inlicere,
581 949 713 986 nocte
750 942 1017 998 intempesta
1058 957 1139 999 pro
1180 951 1402 999 potestate
1434 947 1580 989 vocari
1613 980 1623 991 .
1654 978 1664 989 .
1699 979 1707 989 .

35 1034 71 1060 ῃ
94 1010 286 1054 eundem
316 1011 454 1054 iussit.
516 1011 599 1054 Ille
629 1025 808 1054 causam
840 1013 1099 1068 suspicatus.

151 1102 588 1159 §12.Declarant
621 1103 774 1146 huius
809 1104 1039 1147 ambusti
1078 1104 1279 1147 tribuni
1316 1105 1380 1160 pl.

50 1226 51 1229 Ἴ
150 1170 306 1215 Titum
328 1173 582 1216 Munatium
604 1173 817 1215 Plancum
839 1173 1074 1227 significari
1101 1174 1383 1217 manifestum
1406 1181 1485 1227 est,
1507 1176 1563 1218 de
1586 1177 1708 1219 cuius

93 1241 372 1286 contionibus
411 1242 606 1298 querulis
642 1249 688 1285 et
721 1243 946 1286 invidiosis
983 1243 1092 1285 illud
1130 1243 1362 1286 confirmat
1403 1252 1563 1297 orator,
1597 1247 1709 1289 adeo

30 1301 344 1366 &universum
378 1318 582 1355 senatum
619 1312 786 1363 Miloni
826 1312 995 1365 favisse,
1030 1319 1079 1355 ut
1120 1314 1177 1356 de
1212 1314 1413 1369 potentia
1448 1315 1583 1356 nimia
1619 1316 1709 1358 sive

92 1381 236 1437 gratia
257 1381 482 1425 Ciceronis
507 1382 626 1424 idem
652 1382 856 1425 tribunus
879 1381 936 1437 pl.
959 1383 1002 1424 in
1036 1383 1244 1425 contione
1272 1391 1550 1438 quereretur,
1583 1386 1708 1440 quasi

43 1452 50 1474 ’-
91 1462 147 1493 eo
166 1450 302 1495 dante
320 1465 503 1507 operam
525 1451 663 1502 fieret,
679 1459 729 1494 ut
751 1452 986 1507 proclivior
1009 1459 1189 1494 senatus
1210 1460 1325 1495 esset
1347 1453 1404 1495 ad
1428 1454 1706 1496 liberandum

18 1527 21 1530 “
47 1561 48 1564 ,
93 1519 322 1564 Milonem.
386 1521 522 1564 Hunc
551 1536 655 1564 vero
686 1523 943 1564 ambustum
974 1522 1200 1564 tribunum
1232 1521 1291 1576 pl.
1324 1530 1558 1578 eapropter
1589 1524 1707 1576 dicit,

90 1590 211 1647 quod
241 1597 319 1634 aut
347 1590 488 1634 videri
518 1591 603 1634 hoc
629 1591 737 1634 velit
768 1591 866 1646 ipso
897 1591 1150 1647 instigante
1165 1592 1390 1634 incensam
1421 1592 1597 1642 curiam,
1630 1599 1707 1635 aut

13 1659 283 1708 ·⁸⁶eundem
312 1660 510 1704 ardentis
538 1661 684 1704 curiae
715 1661 918 1703 incendio
946 1675 1041 1703 esse
1068 1661 1340 1710 deterritum,
1362 1661 1597 1716 quominus
1630 1663 1705 1704 diu
1742 1691 1749 1697 -

37 1725 46 1777 ἶ
90 1730 438 1774 concionaretur.
521 1730 583 1773 Et
630 1730 763 1786 plane
806 1762 815 1772 .
858 1731 1081 1786 ..quod
1128 1732 1322 1785 sequitur
1362 1731 1708 1774 ‘intermortuae

90 1799 344 1853 contiones,’
366 1813 478 1856 quas
502 1800 713 1855 suspicari
741 1814 978 1856 possumus
1002 1807 1307 1844 consternatas
1332 1801 1558 1843 vicinitate
1583 1801 1707 1843 flam-

40 1861 51 1925 ᾗῇ
90 1880 277 1913 marum.
1046 1926 1048 1929 .

150 1954 175 2012 ἕ
193 1968 259 2014 13.
281 1956 439 2000 Cuius
457 1958 592 2000 enim
609 1958 671 2000 de
691 1957 897 2000 incestu
918 1964 1102 2013 stupro
1124 1957 1373 2000 iudicium
1392 1956 1706 1998 decernendi

31 2027 297 2072 asenatui
327 2034 568 2083 potestas
599 2035 740 2071 esset
770 2033 966 2082 erepta,
988 2028 1051 2071 de
1081 2027 1191 2069 eius
1222 2026 1444 2069 interitu
1475 2026 1589 2080 quis
1621 2041 1705 2082 po-

30 2111 31 2114 *
89 2100 195 2139 test
233 2097 460 2151 credere,
494 2104 733 2140 senatum
767 2096 1019 2139 iudicium
1051 2110 1241 2139 novum
1279 2096 1704 2139 constituendum

88 2170 336 2222 putasse?

147 2238 248 2283 Hoc
270 2240 444 2285 firmare
463 2242 691 2285 contendit
711 2255 791 2297 per
811 2242 1107 2284 coniecturam
1131 2238 1187 2282 de
1208 2240 1359 2282 animo
1383 2245 1575 2289 senatus,
1597 2238 1704 2280 nihil

88 2317 191 2353 eum
217 2311 274 2354 ad
304 2311 604 2354 ulciscendum
637 2319 827 2355 mortem
856 2312 902 2354 P.
926 2311 1055 2354 Clodi
1086 2310 1328 2352 voluntatis
1360 2308 1580 2351 habuisse.
1644 2308 1705 2350 Et

28 2367 141 2440 {ut
179 2381 323 2436 magis
367 2395 469 2424 eum
513 2388 727 2438 gravaret,
768 2382 844 2436 qui
886 2381 1180 2434 interemptus
1227 2385 1307 2428 est,
1349 2377 1605 2431 exemplum
1648 2378 1705 2419 de

10 2438 41 2470 ’θ’
88 2449 344 2499 criminibus
376 2451 468 2494 eius
499 2451 775 2506 adsumpsit;
813 2450 935 2505 quod
966 2462 1066 2491 cum
1096 2449 1210 2490 intra
1238 2447 1524 2490 caerimonias
1555 2447 1704 2488 Bonae

9 2569 13 2578 1
43 2517 216 2562 Daee
245 2520 462 2563 incoetum
493 2534 594 2564 cum
627 2519 851 2576 pontificis
882 2533 1023 2561 uxore
1053 2518 1239 2567 fecisset,
1263 2516 1370 2558 nihil
1401 2530 1541 2558 novae
1571 2529 1702 2570 quae-

87 2588 242 2632 ationis
269 2591 465 2645 potuerit
492 2597 672 2633 senatus
704 2603 893 2641 cernere,
915 2602 1016 2631 cum
1043 2588 1128 2630 hoc
1154 2588 1350 2628 maxime
1382 2585 1541 2635 vellet;
1576 2585 1636 2632 ita
1658 2586 1701 2626 in

8 2673 46 2701 ¹..
86 2657 172 2701 hac
195 2665 324 2714 parte
353 2659 517 2702 nullius
545 2673 640 2702 esse
668 2659 905 2702 confirmat
934 2658 1039 2700 iuris
1059 2656 1228 2699 scilicet
1249 2655 1578 2698 auctoritatem.
1641 2654 1703 2696 Et

7 2712 72 2776 '5⁵
88 2726 234 2772 adhuc
253 2729 358 2772 odio
379 2729 564 2785 dignum
585 2729 689 2772 facit
710 2742 825 2778 eum,
847 2728 922 2783 qui
945 2729 1000 2769 de
1023 2727 1190 2768 incesto
1212 2725 1343 2767 fuerit
1365 2723 1551 2765 infamis.

146 2814 202 2858 ib.
233 2814 335 2859 Cur
369 2815 530 2871 igitur
569 2815 864 2859 incendium
908 2814 1095 2863 curiae,
1135 2810 1582 2867 oppugnationem
1624 2822 1702 2850 ae-

87 2884 229 2928 dium
265 2886 329 2929 M.
365 2885 566 2942 Lepidi,
589 2885 799 2928 caedem
841 2890 1052 2926 senatus
1085 2887 1265 2924 contra
1296 2893 1399 2921 rem
1437 2892 1479 2933 p.
1511 2878 1699 2920 factam

87 2966 203 2998 esse
232 2955 496 2999 decrevit?
