1942 3236
286 220 370 250 100
921 205 1242 249 ASCONIUS

283 325 411 377 dixit,
429 325 545 379 quod
569 323 679 366 Milo
699 338 745 366 se
766 323 1019 373 defenderit,
1037 323 1241 366 Clodium
1258 323 1464 366 Aricinos
1485 323 1743 367 decuriones
1761 323 1869 367 allo-

282 395 444 448 quendi
465 394 605 447 gratia
625 393 779 444 abisse,
796 393 1038 446 profectum
1062 405 1162 433 cum
1183 406 1265 434 sex
1287 406 1338 435 ac
1356 393 1446 434 XX
1465 393 1624 442 servis3
1655 393 1869 435 Milonem

283 462 428 504 subito
460 469 560 516 post
595 461 751 503 horam
782 467 996 515 quartam,
1027 467 1181 503 senatu
1215 462 1358 512 misso,
1387 475 1486 503 cum
1518 461 1653 504 servis
1681 460 1871 517 amplius

285 529 400 573 CCC
415 530 594 572 armatis
607 530 784 571 obviam
802 530 840 571 ei
863 530 1139 571 contendisse
1156 535 1198 571 et
1216 544 1346 583 supra
1363 529 1556 572 Bovillas
1572 530 1870 585 inopinantem

286 599 389 654 (in)
407 599 561 640 itinere
576 612 831 653 aggressum
848 615 857 649 ;
891 598 949 639 ibi
969 598 1013 639 Ρ.
1030 598 1234 640 Clodium
1251 599 1389 641 tribus
1409 598 1661 641 vulneribus
1681 599 1869 652 acceptis
1888 608 1906 642 5

285 668 477 709 Bovillas
497 667 713 722 perlatum
735 682 744 719 ;
775 667 1005 709 tabernam
1028 666 1071 707 in
1094 680 1226 720 quam
1249 667 1500 723 perfugerat
1522 673 1823 722 expugnatam
1844 680 1871 708 a

284 736 480 788 Milone;
510 736 811 778 semianimem
837 734 1042 777 Clodium
1065 741 1314 778 extractum
1338 766 1535 778 ........
1558 736 1602 777 in
1626 735 1699 777 via
1720 735 1871 791 Appia

284 805 475 846 occisum
511 818 606 847 esse
646 804 916 858 anulumque
948 804 1042 845 eius
1078 804 1117 845 ei
1154 804 1358 846 morienti
1393 810 1671 856 extractum3
1710 804 1871 846 deinde

284 873 512 924 Milonem,
535 887 634 915 cum
666 873 793 915 sciret
825 873 867 913 in
895 872 1077 915 Albano
1107 871 1336 926 parvolum
1367 872 1504 914 filium
1537 872 1680 923 Clodi,
1701 873 1871 915 venisse

283 943 339 983 ad
361 942 521 993 villam,
543 948 586 983 et
608 955 708 982 cum
740 955 848 995 puer
878 948 979 983 ante
1006 940 1254 983 subtractus
1287 947 1412 993 esset,
1434 955 1492 991 ex
1516 954 1642 983 servo
1665 941 1872 985 Halicore

282 1011 584 1065 quaestionem
600 1011 661 1052 ita
673 1010 888 1061 habuisse,
903 1016 951 1052 ut
965 1023 1064 1051 eum
1078 1009 1345 1052 articulatim
1359 1016 1638 1052 consecarent
1655 1024 1664 1062 ;
1694 1009 1870 1053 vilicum

283 1085 327 1120 et
349 1080 458 1121 duos
480 1085 704 1133 praeterea
725 1092 871 1120 servos
893 1078 1112 1133 iugulasse
1129 1093 1138 1127 ;
1170 1092 1228 1120 ex
1245 1078 1379 1120 servis
1396 1078 1524 1120 Clodi
1545 1078 1621 1133 qui
1642 1078 1870 1120 dominum

283 1148 564 1190 defenderant
592 1148 793 1189 undecim
823 1162 917 1189 esse
946 1146 1209 1197 interfectos,
1232 1147 1404 1188 Milonis
1426 1147 1539 1189 duos
1562 1146 1680 1189 solos
1701 1147 1870 1189 saucios

281 1217 420 1259 factos
460 1230 580 1259 esse:
621 1216 680 1258 ob
721 1229 835 1270 quae
872 1215 1085 1257 Milonem
1128 1222 1306 1269 postero
1351 1215 1423 1258 die
1464 1215 1558 1256 XII
1601 1229 1761 1265 servos,
1795 1216 1870 1270 qui

284 1285 478 1327 maxime
510 1298 687 1338 operam
722 1291 968 1335 navassent,
1004 1298 1135 1325 manu
1172 1284 1341 1326 misisse
1381 1283 1636 1339 populoque
1669 1284 1870 1326 tributim

281 1353 454 1408 singula
475 1353 595 1394 milia
616 1353 726 1394 aeris
747 1353 802 1394 ad
825 1353 1121 1394 defendendos
1151 1354 1206 1395 de
1233 1367 1280 1395 se
1302 1366 1494 1395 rumores
1515 1353 1698 1395 dedisse.
1760 1353 1871 1395 Milo

284 1422 453 1464 misisse
473 1422 529 1464 ad
552 1421 632 1464 Cn.
657 1422 917 1476 Pompeium
939 1421 1175 1472 dicebatur,
1198 1421 1272 1475 qui
1298 1422 1512 1476 Hypsaeo
1532 1435 1704 1464 summe
1723 1422 1870 1464 stude-

219 1502 267 1534 37
284 1491 373 1539 bat,
391 1491 507 1544 quod
530 1490 670 1532 fuerat
691 1490 782 1532 eius
803 1496 1020 1544 quaestor,
1037 1490 1247 1532 desistere
1275 1487 1281 1545 Ι
1307 1504 1353 1531 se
1374 1490 1586 1545 petitione
1607 1489 1873 1542 consulatus,

284 1560 320 1601 si
339 1559 401 1602 ita
417 1560 456 1601 ei
472 1559 692 1601 videretur
710 1573 719 1610 ;
751 1559 987 1613 Pompeius
1004 1559 1280 1613 respondisse
1295 1559 1455 1600 nemini
1470 1573 1518 1601 se
1534 1572 1676 1613 neque
1690 1559 1871 1613 petendi

282 1642 422 1683 neque
443 1628 681 1670 desistendi
702 1635 925 1669 auctorem
947 1641 1052 1677 esse,
1066 1641 1207 1681 neque
1228 1628 1378 1683 populi
1396 1628 1588 1670 Romani
1604 1633 1869 1684 potestatem

281 1704 358 1740 aut
399 1697 579 1739 consilio
619 1704 696 1739 aut
736 1697 953 1738 sententia
992 1695 1377 1751 interpellaturum.
1439 1696 1612 1738 Deinde
1653 1695 1782 1750 (per)
1821 1695 1870 1739 C.

283 1766 515 1816 Lucilium,
538 1766 614 1819 qui
646 1772 827 1820 propter
858 1765 920 1805 M.
955 1763 1177 1806 Ciceronis
1208 1764 1550 1807 familiaritatem
1580 1765 1748 1806 amicus
1777 1772 1871 1807 erat

284 1835 453 1884 Miloni,
488 1835 627 1888 egisse
662 1847 837 1888 quoque
877 1833 1117 1882 dicebatur,
1151 1847 1207 1875 ne
1239 1847 1286 1875 se
1320 1835 1377 1876 de
1408 1833 1492 1875 hac
1524 1847 1570 1876 re
1604 1832 1871 1876 consulendo

282 1903 446 1944 invidia
469 1908 677 1944 oneraret.

342 1972 463 2012 Inter
502 1971 609 2012 haec
649 1985 750 2012 cum
790 1970 1058 2013 crebesceret
1100 1984 1248 2013 rumor
1280 1970 1357 2013 Cn.
1393 1969 1699 2025 (Pompeium)
1737 1970 1870 2014 creari

282 2041 543 2082 dictatorem
585 2046 788 2092 oportere
824 2053 966 2093 neque
1005 2039 1133 2081 aliter
1173 2038 1289 2080 mala
1328 2039 1516 2081 civitatis
1555 2039 1697 2080 sedari
1730 2052 1870 2093 posse,

281 2110 422 2150 visum
455 2115 521 2150 est
553 2107 842 2162 optimatibus
875 2108 1012 2149 tutius
1045 2121 1139 2149 esse
1176 2120 1276 2149 eum
1318 2107 1541 2150 consulem
1575 2107 1668 2149 sine
1703 2106 1871 2162 collega

281 2177 429 2228 creari,
451 2182 495 2218 et
522 2190 623 2217 cum
650 2182 838 2218 tractata
865 2190 915 2218 ea
947 2190 1014 2217 res
1040 2182 1152 2218 esset
1181 2176 1224 2217 in
1247 2182 1414 2226 senatu,
1436 2176 1551 2218 facto
1574 2176 1616 2217 in
1640 2176 1702 2218 M.
1726 2176 1870 2219 Bibuli

604 2268 630 2291 1.
655 2270 689 2292 se
703 2259 895 2299 defenderit,
913 2260 1055 2292 Rinkes:
1079 2260 1122 2292 sic
1137 2270 1168 2292 se
1182 2260 1367 2302 definderet
1381 2262 1399 2284 *
1415 2259 1434 2281 *
1449 2260 1467 2281 *
1481 2265 1522 2293 et.

1891 957 1931 980 10

1891 1299 1930 1332 15

1891 1641 1932 1664 20

1890 1982 1930 2016 25

1155 2339 1204 2373 19.
1227 2341 1269 2363 se
1284 2341 1402 2369 neque
1416 2335 1488 2369 pet.
1502 2341 1510 2363 :
1533 2331 1588 2364 the
1602 2331 1709 2364 words
1723 2331 1802 2364 bear
1815 2330 1870 2364 the

1107 2377 1214 2416 stamp
1227 2374 1265 2405 of
1275 2374 1490 2415 authenticity
1500 2385 1589 2417 upon
1601 2374 1700 2407 them.
1724 2375 1871 2417 Pompey

1106 2417 1250 2449 excelled
1271 2418 1304 2449 in
1327 2418 1420 2450 these
1442 2419 1665 2460 ‘ungenerous
1686 2417 1870 2451 answers':

1105 2470 1158 2492 see
1174 2471 1206 2501 p.
1223 2461 1333 2492 xxviii.
1353 2460 1384 2493 6.

1153 2512 1202 2535 21.
1227 2507 1264 2536 c.
1285 2507 1493 2536 Lucilium:
1516 2515 1562 2537 sc.
1582 2504 1730 2543 Hirrum,
1752 2514 1815 2537 one
1836 2504 1876 2536 of

1105 2546 1280 2589 Pompey’s
1306 2546 1514 2589 familiares,
1545 2558 1598 2580 see
1637 2546 1801 2588 WiUems,
1837 2547 1869 2580 le

1106 2590 1218 2629 Senat,
1237 2591 1258 2621 i.
1275 2601 1307 2633 p.
1324 2599 1406 2632 520;
1430 2590 1471 2623 cf.
1489 2601 1522 2634 p.
1538 2591 1604 2623 xix.

282 2331 376 2368 Milo,
405 2331 446 2363 he
471 2330 583 2363 would
610 2331 775 2373 naturally
800 2330 901 2372 speak
927 2341 969 2363 on
991 2330 1043 2362 his

281 2374 397 2407 behalf
408 2375 441 2406 in
457 2375 512 2406 the
529 2378 650 2406 senate.

327 2427 357 2459 5.
379 2422 507 2449 tribus
536 2422 705 2449 vunan:
740 2417 856 2449 Cicero
884 2417 917 2448 in
951 2419 967 2455 ξ
1001 2416 1041 2449 86

281 2461 400 2504 speaks
437 2461 476 2492 of
508 2471 570 2492 one
607 2460 727 2492 wound
756 2460 845 2501 only,
876 2461 941 2492 and
971 2471 1045 2502 says

281 2504 420 2546 nothing
435 2503 472 2535 of
484 2504 539 2535 the
554 2504 664 2535 attack
680 2515 768 2546 upon
783 2504 839 2535 the
855 2508 978 2536 tavern.

326 2557 358 2589 9.
385 2552 582 2585 parvolum
614 2550 761 2579 fluum:
800 2547 841 2579 he
879 2547 906 2579 is
939 2546 1043 2588 styled

275 2596 367 2633 puer
392 2591 482 2632 eight
506 2601 598 2632 years
625 2590 814 2622 afterwards
839 2589 871 2621 in
896 2591 951 2622 the
973 2601 1045 2622 cor-

281 2634 501 2676 respondence
524 2634 670 2665 between
693 2634 828 2675 Antony
842 2634 907 2665 and
928 2634 1045 2665 Cicero

281 2679 315 2709 in
331 2688 373 2718 44
389 2685 443 2709 B.c
471 2678 558 2719 [Att.
574 2678 638 2709 xiv.
656 2686 695 2717 13
713 2677 754 2708 A.
768 2677 834 2718 B.].
862 2677 914 2708 Cf.
929 2680 945 2715 §
958 2678 997 2717 87
1009 2687 1044 2708 n.

329 2730 378 2752 11.
403 2725 675 2758 quaestionem:
701 2721 863 2752 Asconius
875 2719 994 2762 speaks
1010 2731 1046 2751 as

281 2764 310 2795 if
320 2764 407 2795 Milo
422 2774 506 2795 were
520 2774 556 2795 as
565 2775 584 2795 a
587 2763 836 2806 patetfamilias
848 2764 1047 2804 conducting

280 2819 300 2839 a
317 2807 460 2849 quaestio
482 2817 572 2849 upon
595 2807 646 2837 his
670 2807 775 2838 slaves
798 2807 908 2838 before
930 2817 950 2838 a
972 2817 1045 2838 con-

280 2851 397 2882 silium
415 2850 453 2882 os
464 2850 514 2881 his
530 2850 670 2882 friends:
696 2850 735 2882 cf.
756 2853 771 2887 ξ
792 2855 831 2890 73
848 2861 881 2881 n.

328 2895 377 2926 18.
400 2899 575 2930 quaestor
589 2904 596 2925 :
621 2893 654 2924 in
670 2893 725 2924 the
737 2893 822 2925 third
839 2893 1046 2925 Mithridatie

278 2947 358 2977 war,
374 2936 493 2978 during
508 2936 550 2967 66
568 2944 636 2969 B.C.
651 2948 658 2968 :
682 2936 724 2969 cf.
744 2936 854 2969 Flacc.
874 2945 924 2967 20.

1153 2635 1202 2666 28.
1227 2637 1270 2665 112
1286 2638 1338 2666 Π.
1353 2637 1483 2666 Bibuli.
1499 2639 1615 2667 neum:
1639 2634 1692 2666 his
1710 2633 1868 2676 proposal

1106 2687 1173 2708 was
1196 2677 1375 2719 supported
1398 2677 1442 2719 by
1467 2677 1564 2710 Cato.
1610 2677 1682 2710 The
1701 2677 1870 2718 optimates

1107 2719 1227 2762 hoped‚
1247 2721 1292 2761 by
1313 2720 1428 2762 giving
1449 2721 1597 2762 Pompey
1611 2730 1653 2752 an
1675 2719 1768 2752 office
1789 2720 1869 2752 with

1106 2774 1126 2794 a
1152 2763 1397 2795 constitutional
1421 2763 1504 2803 title,
1527 2769 1563 2795 to
1583 2773 1676 2796 wean
1695 2763 1764 2795 him
1785 2763 1869 2795 from

1106 2806 1158 2838 his
1180 2806 1285 2838 desire
1308 2811 1345 2838 to
1367 2807 1504 2839 become
1525 2807 1674 2839 dictator.
1720 2806 1870 2848 Pompey

1106 2850 1419 2925 {izzamffffiizffss
1437 2850 1624 2932 affl&
1645 2849 1869 2926 ῗψὶὠέῖὲἕῖιῑέ

1106 2936 1171 2968 had
1188 2937 1304 2979 passed
1322 2936 1424 2979 [Plut.
1440 2937 1558 2978 Pomp.
1571 2936 1640 2978 54].
