1942 3236
286 202 370 247 108
923 201 1244 244 ASCONIUS

284 327 426 362 rostra
448 333 534 361 non
557 333 609 361 eo
630 319 729 361 loco
749 332 836 373 quo
858 332 972 360 nunc
994 325 1108 368 sunt,
1128 318 1207 360 sed
1228 319 1284 360 ad
1307 318 1551 369 comitium,
1572 331 1709 373 prope
1729 317 1876 360 iuncta

285 389 441 431 curiae.
503 387 576 430 Ob
597 387 680 430 hoc
703 388 755 429 T.
773 388 1023 429 Munatium
1045 387 1342 429 ambustum
1363 387 1630 429 tribunum
1651 385 1847 441 appellat
1865 401 1875 439 ;

285 458 366 499 fuit
391 463 538 499 autem
561 463 740 511 paratus
761 457 816 498 ad
838 456 1088 497 dicendum.

912 593 1079 634 PAULO
1112 593 1251 635 POST.

343 693 385 751 (ξ
419 693 502 751 13.)
544 694 643 737 Cur
678 695 840 749 igitur
876 694 1171 737 incendium
1208 694 1392 746 curiae,
1427 693 1875 749 oppugnationem
1891 700 1910 734 5

285 764 485 805 aedium
508 764 570 805 M.
594 763 796 819 Lepidi,
820 763 1029 805 caedem
1054 763 1188 806 hanc
1219 763 1384 817 ipsam
1415 770 1597 806 contra
1625 775 1728 805 rem
1750 762 1877 817 pub-

285 832 437 872 licam
459 837 670 874 senatus
691 832 886 874 factam
911 845 1024 873 esse
1045 832 1310 874 decrevit?

345 901 449 942 Post
485 901 669 942 biduum
707 900 901 942 medium
935 914 1068 954 quam
1107 899 1290 942 Clodius
1331 901 1499 942 occisus
1540 905 1646 952 erat,
1683 900 1877 941 interrex

285 968 454 1023 primus
486 969 686 1022 proditus
719 975 786 1011 est
822 969 883 1010 M.
919 969 1140 1011 Aemilius
1181 969 1388 1024 Lepidus.
1462 970 1567 1012 Non
1607 968 1688 1010 fuit
1727 975 1877 1010 autem

287 1037 422 1079 moris
449 1038 506 1078 ab
537 1050 603 1088 eo,
623 1037 697 1090 qui
726 1038 895 1092 primus
924 1038 1118 1079 interrex
1149 1038 1349 1092 proditus
1380 1036 1485 1090 era't,
1506 1037 1684 1080 comitia
1713 1036 1876 1079 haberi.
1896 1052 1937 1078 10

287 1104 376 1147 Sed
409 1105 626 1160 Scipionis
651 1112 695 1147 et
722 1106 922 1161 Hypsaei
950 1106 1176 1157 factiones,
1198 1106 1301 1160 quia
1331 1120 1480 1148 recens
1514 1106 1678 1147 invidia
1699 1102 1878 1146 Milonis

286 1180 391 1223 erat,
408 1187 506 1216 cum
529 1181 682 1216 contra
699 1175 764 1216 ius
782 1175 1070 1228 postularent,
1087 1182 1135 1216 ut
1153 1176 1347 1217 interrex
1368 1176 1424 1217 ad
1446 1175 1626 1216 comitia
1646 1173 1876 1215 consulum

286 1243 573 1285 creandorum
595 1243 891 1294 descenderet,
913 1244 1044 1298 idque
1066 1244 1158 1298 ipse
1179 1257 1268 1285 non
1290 1243 1464 1293 faceret,
1484 1244 1668 1286 domum
1686 1243 1779 1284 eius
1800 1255 1878 1297 per

286 1325 440 1353 omnes
476 1312 710 1366 interregni
744 1312 838 1354 dies
860 1310 1052 1367 (fuerunt
1083 1319 1232 1354 autem
1263 1326 1322 1353 ex
1356 1326 1479 1354 more
1512 1309 1725 1369 quinque)
1749 1311 1878 1354 obse-

287 1379 457 1421 derunt.
519 1381 691 1422 Deinde
712 1381 831 1422 omni
854 1382 894 1422 vi
924 1382 1054 1422 ianua
1077 1387 1333 1436 expugnata
1356 1387 1401 1423 et
1432 1381 1646 1435 imagines
1666 1379 1877 1422 maiorum
1896 1393 1936 1429 ¹5

286 1448 537 1490 deiecerunt
568 1454 614 1490 et
650 1449 859 1491 lectulum
897 1450 1130 1492 adversum
1165 1450 1315 1491 uxoris
1346 1450 1439 1491 eius
1476 1448 1719 1498 Corneliae,
1754 1448 1877 1491 cuius

285 1517 460 1558 castitas
474 1531 553 1570 pro
574 1518 780 1572 exemplo
801 1518 953 1560 habita
975 1526 1054 1569 est,
1082 1518 1319 1572 fregerunt,
1333 1519 1528 1572 itemque
1547 1518 1670 1569 telas,
1686 1531 1800 1572 quae
1820 1530 1878 1558 ex

288 1590 436 1626 vetere
458 1599 579 1627 more
595 1587 638 1626 in
654 1587 766 1628 atrio
782 1587 1064 1638 texebantur,
1081 1588 1318 1629 diruerunt.
1377 1587 1483 1629 Post
1499 1600 1613 1641 quae
1629 1586 1880 1640 supervenit

289 1653 467 1695 Milonis
504 1667 657 1696 manus
691 1662 736 1697 et
772 1656 866 1709 ipsa
897 1656 1124 1711 postulans
1156 1656 1362 1707 comitia3
1394 1656 1515 1697 cuius
1548 1656 1764 1697 adventus
1796 1653 1879 1696 fuit

288 1721 418 1764 saluti
437 1723 631 1777 Lepido:
664 1724 708 1765 in
724 1738 772 1766 se
788 1724 905 1766 enim
922 1725 1043 1779 ipsae
1060 1738 1296 1767 conversae
1310 1730 1412 1766 sunt
1433 1724 1646 1766 factiones
1667 1723 1878 1772 inimicae,
1898 1734 1940 1758 ²0

291 1797 425 1845 atque
445 1791 508 1834 ita
533 1793 809 1847 oppugnatio
830 1794 987 1835 domus
1010 1794 1237 1848 interregis
1259 1793 1422 1836 omissa
1442 1799 1521 1835 est.

220 1936 270 1966 44
915 1923 1086 1966 PAULO
1118 1924 1257 1965 POST.

346 2021 387 2079 (ᾧ
421 2021 502 2079 14.)
562 2023 712 2078 Quod
764 2024 806 2066 si
857 2038 946 2078 per
996 2024 1250 2068 furiosum
1302 2025 1446 2067 illum
1497 2025 1766 2068 tribunum
1815 2023 1880 2079 pl.

289 2092 499 2133 senatui
560 2093 697 2145 quod
757 2094 1026 2136 sentiebat
1087 2095 1340 2148 perficere
1399 2094 1647 2145 licuisset,
1698 2106 1880 2136 novam

289 2161 657 2214 quaestionem
689 2161 885 2203 nullam
915 2162 1245 2205 haberemus.
1306 2163 1638 2205 Decernebat
1658 2162 1881 2213 enim,ut
1901 2171 1940 2206 25

290 2229 562 2271 veteribus
596 2229 814 2283 legibus,
850 2232 1215 2273 tantummodo
1251 2237 1407 2273 extra
1442 2231 1692 2282 ordinem,
1729 2243 1879 2285 quae-

290 2304 508 2339 reretur.
570 2298 755 2355 Divisa
779 2300 1050 2341 sententia
1078 2306 1155 2342 est
1182 2299 1491 2354 postulante
1511 2300 1690 2341 nescio
1711 2313 1882 2353 quo.—

291 2365 374 2407 Sic
424 2366 624 2421 reliqua
667 2368 962 2410 auctoritas
1006 2374 1223 2411 senatus
1269 2375 1444 2423 empta
1494 2367 1880 2411 intercessione

289 2434 501 2477 sublata
521 2442 614 2478 est.

349 2503 468 2558 Quid
503 2505 560 2546 sit
595 2504 836 2547 dividere
872 2505 1206 2555 sententiam,
1238 2512 1286 2547 ut
1316 2505 1607 2547 enarrandum
1637 2505 1705 2557 sit,
1735 2511 1881 2547 vestra
1900 2517 1942 2550 30

290 2579 422 2621 aetas,
445 2571 535 2624 filii,
558 2572 672 2614 facit.

335 2688 362 2711 1.
385 2689 428 2711 eo
442 2683 522 2711 1000
536 2690 606 2718 quo
621 2690 720 2712 nuno
735 2684 851 2712 sunt:
872 2679 928 2712 the
950 2685 1057 2713 rostra
1117 2686 1153 2713 to
1177 2681 1233 2713 the
1257 2682 1360 2724 ἡρῷον
1387 2681 1427 2714 of
1442 2681 1550 2724 Julius
1574 2681 1704 2720 Caesar,
1729 2680 1815 2714 built
1837 2682 1882 2723 by

288 2733 373 2755 were
406 2723 525 2755 rebuilt
562 2733 606 2755 on
644 2724 700 2755 the
728 2729 809 2756 west
837 2724 908 2756 side
936 2725 975 2756 of
1000 2724 1055 2756 the
1118 2726 1295 2766 Augustus.

289 2767 414 2798 Forum
444 2767 488 2807 by
518 2766 638 2799 Caesar
666 2768 700 2799 in
729 2778 773 2808 44
803 2775 834 2800 Β.
846 2775 877 2800 c.
939 2768 1005 2799 For
1034 2778 1055 2799 a
1165 2767 1213 2799 16.
1237 2772 1439 2800 lectulum:
1467 2767 1508 2800 cf.
1539 2768 1624 2800 Hor.
1648 2767 1711 2809 Ep.
1733 2767 1755 2800 i.
1783 2775 1811 2799 1.
1837 2768 1879 2809 87

289 2810 490 2851 description
507 2809 545 2841 of
563 2811 652 2842 them
669 2821 720 2842 see
737 2810 932 2846 Middleton‚
948 2812 971 2843 i.
993 2820 1052 2851 ²5²
1118 2811 1217 2843 lectus
1234 2811 1380 2852 genialis
1409 2812 1448 2843 in
1478 2811 1560 2843 aula
1588 2815 1644 2842 est.
1690 2811 1753 2842 We
1778 2810 1880 2842 know

288 2863 357 2894 sqq.
406 2852 517 2884 Under
532 2853 587 2885 the
603 2854 727 2894 empire
742 2854 833 2886 these
849 2858 955 2885 stostra
971 2864 1054 2886 were
1117 2854 1202 2886 from
1232 2854 1356 2886 several
1382 2865 1512 2887 sources
1535 2854 1608 2887 that
1638 2854 1694 2886 the
1717 2854 1880 2895 imagines

289 2895 396 2928 called
420 2901 539 2934 vetera,
555 2907 583 2929 e.
594 2907 627 2938 g.
647 2896 736 2928 Suet.
754 2897 828 2929 Oct.
850 2907 920 2937 130,
937 2902 973 2929 to
988 2897 1054 2929 dis·
1117 2908 1200 2929 were
1215 2898 1286 2929 also
1302 2897 1381 2939 kept
1396 2898 1492 2931 here:
1516 2907 1545 2931 e.
1559 2908 1592 2940 g.
1612 2897 1712 2930 Mart.
1727 2897 1760 2929 ii.
1776 2904 1828 2939 70.
1844 2896 1875 2937 6,

290 2939 434 2981 tinguish
449 2939 538 2972 them
554 2939 637 2971 from
653 2940 709 2972 the
723 2950 796 2973 new
812 2944 920 2973 rostra
936 2940 1053 2974 affixed
1117 2941 1192 2983 Juv.
1210 2941 1279 2973 viii.
1301 2950 1349 2983 19.
