1942 3236
286 204 370 235 120
424 219 428 223 ·
731 187 1012 232 SCHOLIA
1054 184 1408 229 BOBIENSIA

282 308 440 363 pedem
481 305 677 357 rettulit;
723 311 767 346 et
799 304 973 345 exsistit
1009 302 1119 343 alius
1151 308 1376 356 praeterea
1411 300 1518 342 liber
1556 304 1756 341 actorum
1792 311 1873 353 pro

285 377 464 426 Milone,
506 376 548 416 in
589 388 678 429 quo
718 373 866 415 omnia
905 372 1145 424 interrupta
1186 376 1230 412 et
1269 369 1452 424 inpolita
1491 374 1536 410 et
1575 367 1709 419 rudia,
1741 366 1873 421 plena
1938 370 1942 372 ’

282 445 469 498 denique
509 442 690 484 maximi
737 441 913 484 terroris
964 453 1189 493 agnoscas.
1277 438 1395 480 Sane
1435 437 1679 479 orationem
1718 441 1875 490 postea

280 513 477 568 legitimo
499 525 631 566 opere
653 517 697 553 et
719 510 882 551 maiore
910 522 1023 558 cura,
1044 513 1200 561 utpote
1231 507 1317 548 iam
1346 505 1628 548 confirmatus
1655 504 1804 546 animo
1831 509 1874 545 et

283 583 326 623 in
374 580 616 629 securitate,
663 578 933 632 conscripsit.
1015 576 1105 618 Sed
1154 576 1269 617 enim
1314 589 1415 617 cum
1462 574 1572 616 ratio
1612 572 1911 615 defensionis5

283 650 408 691 huius
429 649 717 699 ordinaretur,
739 660 930 700 quonam
953 645 1087 686 modo
1110 651 1153 686 et
1174 644 1412 686 secundum
1438 655 1568 696 quern
1597 640 1874 697 potissimum

283 724 447 760 statum
479 718 550 771 agi
580 730 660 770 pro
695 716 865 757 Milone
905 719 1139 768 oporteret,
1176 713 1238 754 M.
1280 713 1442 754 Brutus
1474 710 1744 753 existimavit
1777 708 1876 750 κατὰ

284 787 517 828 ἀντίστασιν
537 799 616 839 pro
637 799 691 827 eo
712 798 808 826 esse
828 783 1074 833 dicendum,
1092 779 1205 835 quae
1226 796 1252 823 a
1273 781 1396 823 nobis
1417 780 1669 822 nominatur
1687 777 1877 832 qualitas

284 855 618 909 compensativa.
681 853 780 895 Hoc
801 852 1022 894 enimvero
1045 850 1245 893 Ciceroni
1264 850 1406 892 visum
1429 855 1494 892 est
1515 861 1672 903 pamm
1693 846 1877 898 salubre,

285 937 387 965 narn
411 923 564 965 maluit
595 953 605 964 .
638 954 648 964 .
680 954 690 964 .
720 922 876 976 specie,
901 921 946 963 id
968 927 1034 962 est
1054 919 1144 961 rela
1175 952 1184 961 .
1217 951 1226 961 .
1261 950 1271 959 .
1898 934 1938 957 10

724 1221 1435 1277 COMMENTARIUS.

345 1361 435 1416 §7.
466 1361 673 1416 Negant
712 1361 905 1403 intueri
945 1360 1108 1403 lucem
1143 1373 1255 1402 esse
1294 1359 1371 1401 fas
1411 1359 1468 1409 ei,
1509 1359 1596 1415 qui
1637 1372 1664 1401 a
1708 1371 1760 1400 se
1801 1357 1882 1400 ho-

287 1430 473 1471 minem
494 1431 718 1472 occisum
741 1444 854 1472 esse
875 1430 1117 1471 fateatur.

346 1510 557 1552 Horatius
587 1510 726 1552 victor
756 1511 937 1552 domum
969 1523 1201 1563 regressus,
1232 1509 1387 1550 occisis
1417 1500 1557 1551 tribus
1585 1507 1774 1550 Curiatis
1801 1504 1883 1549 Al-

287 1578 514 1628 banorum,
554 1578 730 1620 obviam
771 1592 964 1620 sororem
1006 1578 1160 1619 habuit
1197 1578 1536 1633 deplangentem
1577 1577 1679 1619 Atti
1716 1575 1885 1618 Curiati
1904 1588 1942 1622 15

287 1648 470 1698 obitum,
502 1648 569 1690 cui
600 1648 819 1701 desponsa
855 1646 1007 1688 fuerat.
1069 1646 1142 1688 Ob
1178 1646 1228 1688 id
1257 1646 1471 1689 interfecit
1505 1660 1603 1688 eam
1638 1646 1797 1695 frater3
1840 1650 1886 1686 et

288 1716 427 1769 spolia
450 1716 727 1758 Curiatorum
749 1714 844 1772 (sic)
866 1716 980 1757 trina
1001 1714 1101 1757 fixit
1128 1714 1225 1757 loco
1247 1714 1419 1767 celebri,
1441 1716 1509 1756 cui
1534 1715 1648 1770 pilae
1672 1713 1886 1756 Horatiae

289 1798 448 1825 nomen
497 1791 575 1826 est.
648 1784 734 1825 Hic
786 1791 935 1827 tamen
987 1785 1132 1826 caedis
1176 1791 1404 1826 accusatus
1447 1783 1504 1825 ab
1544 1783 1742 1834 inimicis,
1787 1795 1885 1824 cum

289 1854 445 1906 capitis
477 1866 653 1894 causam
684 1860 793 1907 aput
823 1852 1005 1894 Tullum
1036 1866 1196 1906 regem,
1218 1859 1344 1906 patre
1374 1851 1650 1903 defendente,
1674 1851 1860 1893 dixisset
1877 1864 1887 1903 ;

290 1922 523 1963 damnatus
557 1922 614 1963 ad
655 1922 869 1977 populum
911 1922 1165 1976 provocavit
1201 1921 1516 1976 absolutusque
1547 1927 1614 1964 est
1654 1927 1698 1962 et
1738 1926 1887 1962 tamen
1907 1937 1942 1959 κ

290 1990 461 2043 expiari
493 1991 645 2031 iussus.
708 1991 970 2032 Constitutis
1001 1990 1133 2044 igitur
1163 1990 1334 2032 duabus
1363 1991 1448 2032 aris
1481 1990 1590 2031 Iano
1617 1989 1813 2032 Curiatio
1844 1996 1889 2032 et

294 2058 449 2099 Iunoni
472 2057 687 2109 Sororiae,
709 2072 924 2113 superque
946 2073 1019 2100 eas
1040 2059 1200 2100 iniecto
1222 2059 1375 2112 tigillo,
1400 2059 1614 2100 Horatius
1634 2058 1715 2100 sub
1737 2059 1888 2112 iugum

290 2126 518 2168 traductus
550 2133 627 2168 est.
690 2128 742 2168 Id
774 2129 1108 2181 expiamentum
1147 2128 1387 2169 memoriae
1426 2133 1647 2170 servatum
1683 2127 1740 2169 ad
1775 2126 1890 2169 hunc

291 2208 429 2248 usque
450 2195 566 2236 diem
588 2194 776 2249 tigillum
797 2196 1011 2237 sororium
1032 2195 1292 2250 appellatur.

350 2280 372 2334 ᾧ
400 2293 438 2334 9.
473 2280 713 2322 Gladium
745 2281 893 2323 nobis
923 2281 984 2323 ad
1013 2280 1271 2322 hominem
1300 2281 1641 2323 occidendum
1669 2281 1731 2323 ab
1763 2280 1891 2335 ipsis
1911 2294 1942 2327 τε

291 2349 485 2403 porrigi
516 2348 736 2402 legibus.
769 2355 773 2361 “
1018 2360 1022 2366 ·

351 2429 498 2470 Βιαίως
538 2430 846 2470 auctoritatem
887 2429 994 2471 XII.
1036 2428 1284 2471 tabularum
1327 2429 1384 2470 ad
1425 2428 1747 2471 defendendam
1787 2441 1893 2470 con-

293 2496 524 2537 fessionem
547 2497 726 2539 Milonis
747 2498 892 2548 trahit,
909 2511 1022 2552 quae
1043 2498 1300 2552 grassatoris
1322 2497 1611 2539 interficiendi
1626 2503 1893 2551 potestatem

293 2565 467 2614 faciunt,
500 2578 578 2619 per
613 2566 731 2607 diem
768 2566 803 2606 si
834 2573 1028 2608 armatus
1061 2567 1220 2615 veniat,
1251 2572 1384 2607 noctu
1414 2580 1518 2608 vero
1548 2579 1726 2621 quoquo
1758 2567 1894 2607 modo

293 2634 469 2674 venerit.
529 2632 754 2690 (Ἐυαυτὶα)
785 2635 885 2677 huic
916 2635 1239 2689 argumentatio
1271 2640 1336 2676 est
1367 2635 1410 2675 in
1440 2633 1513 2676 illa
1543 2635 1754 2683 oratione,
1781 2647 1894 2688 quae
1912 2646 1942 2678 3<

295 2702 395 2743 PRO
414 2701 475 2742 M.
496 2702 689 2745 TULLIO
711 2703 966 2745 inscribitur.
1015 2703 1082 2744 Ibi
1107 2704 1271 2758 quippe
1292 2703 1497 2756 quoniam
1514 2702 1634 2745 aliud
1655 2702 1895 2757 praesentis

293 2771 458 2825 negotii
484 2771 683 2812 condicio
706 2772 929 2826 poscebat,
952 2773 1068 2827 ipsas
1089 2786 1266 2826 quoque
1291 2772 1398 2813 XII.
1421 2770 1594 2814 tabulas
1621 2771 1894 2813 adseveravit

293 2839 512 2880 excubare
534 2853 611 2893 pro
633 2840 862 2881 hominum
884 2841 1039 2893 salute,
1055 2855 1169 2896 quae
1189 2841 1303 2884 hanc
1329 2841 1606 2882 interimendi
1628 2845 1892 2895 potestatem

294 2921 381 2949 non
403 2908 529 2950 facile
549 2910 839 2962 permiserint.
1700 2908 1701 2911 ’
