1942 3236
258 173 316 218 26
710 174 772 217 M.
822 173 1013 216 TULLI
1049 173 1389 216 CICERONIS

257 291 341 347 est)
363 304 441 333 nec
463 290 707 344 imperante
729 304 808 331 nec
832 290 996 331 sciente
1024 303 1103 331 nec
1131 295 1358 344 praesente
1387 289 1578 339 domino,
1603 287 1724 343 quod
1750 300 1852 330 suos

259 361 443 415 quisque
465 373 611 401 servos
633 359 676 399 in
697 359 773 400 tali
796 372 840 399 re
862 358 1002 399 facere
1022 357 1246 400 voluisset.

187 437 243 480 11
321 429 458 478 Haec,
495 428 621 468 sicuti
657 428 860 482 exposui,
891 428 953 468 ita
988 433 1113 480 gesta
1145 434 1257 478 sunt,
1290 427 1477 475 iudices;
1519 426 1750 468 insidiator
1780 438 1852 467 su-

194 494 243 524 30
260 503 436 551 peratus
465 502 557 547 est;
588 496 631 536 vi
658 496 774 537 victa
795 496 859 537 vis
879 495 948 537 vel
977 497 1123 549 potius
1150 509 1358 549 oppressa
1379 495 1541 536 virtute
1564 494 1748 537 audacia
1775 501 1854 535 est.

261 565 382 607 Nihil
411 565 523 614 dico,
552 564 657 617 quid
687 578 754 605 res
783 563 959 618 publica
985 570 1216 606 consecuta
1247 565 1313 615 sit,
1345 563 1464 614 nihil,
1494 563 1602 618 quid
1629 577 1721 614 vos,
1749 562 1894 610 nihils

260 634 365 687 quid
406 646 558 674 omnes
599 633 728 682 boni3
776 632 883 673 nihil
925 647 1028 683 saue
1068 633 1111 674 id
1148 633 1287 686 prosit
1323 632 1490 680 Miloni,
1526 631 1600 685 qui
1641 631 1724 674 hoc
1764 630 1855 673 fato

262 709 389 744 natus
418 708 494 752 est,
523 708 570 742 ut
596 714 650 742 ne
679 715 725 742 se
750 702 929 755 quidem
958 715 1129 743 servare
1157 702 1359 755 potuerit,
1383 701 1489 755 quin
1513 713 1600 741 una
1626 713 1718 741 rem
1746 700 1856 754 pub-

262 771 390 813 licam
416 783 581 823 vosque
608 776 811 811 servaret.
872 769 920 811 Si
951 769 996 811 id
1028 771 1119 811 iure
1149 770 1242 812 fieri
1274 784 1359 811 non
1391 770 1546 824 potuit,
1576 768 1682 810 nihil
1713 767 1856 810 habeo

262 840 382 894 quod
418 838 680 887 defendam3
723 839 788 879 sin
822 838 906 880 hoc
937 844 981 880 et
1012 839 1122 881 ratio
1153 839 1295 880 doctis
1326 845 1370 879 et
1399 841 1631 880 necessitas
1661 837 1857 879 barbaris

264 915 308 950 et
349 921 444 949 mos
483 907 686 960 gentibus
725 914 769 948 et
809 907 909 949 feris
949 914 1106 949 natura
1145 908 1240 961 ipsa
1274 907 1562 961 praescripsit,
1598 912 1648 948 ut
1682 918 1856 948 omnem

311 1044 340 1067 1.
365 1045 424 1067 nec
441 1034 555 1076 imper.
571 1034 609 1074 P,
622 1034 732 1066 Schol.
747 1034 783 1066 B.
800 1045 902 1077 neque
919 1034 1034 1076 imper.
1051 1035 1141 1066 ΤΕδ.

265 1089 308 1111 sc.
334 1079 393 1109 Τ.δ
482 1088 542 1109 nec
569 1088 672 1119 praes.
703 1078 813 1109 PTE:
845 1089 948 1120 neque
963 1083 1074 1119 praes.
1100 1080 1126 1108 δ.

267 1121 404 1163 Quintil.
421 1121 463 1152 iv
481 1132 511 1160 4.
532 1130 547 1151 2
567 1121 664 1153 codd.
683 1121 714 1152 A
731 1122 769 1161 B,
786 1121 898 1153 Schol.
916 1122 1009 1156 Bos„
1025 1122 1133 1163 Julius
1149 1121 1274 1160 Victor,
1287 1132 1320 1162 p.
1337 1120 1412 1162 416.

267 1167 309 1196 sit
336 1165 376 1196 T.
458 1163 490 1195 6.
514 1165 568 1196 id:
592 1164 680 1206 quod
703 1165 740 1196 P.

268 1209 342 1240 iure
358 1218 424 1239 non
432 1211 539 1250 posset
562 1208 589 1239 δ.
678 1218 710 1250 9.
735 1208 844 1250 quod:
869 1208 955 1250 qued
967 1209 1004 1240 Ρ.

315 1331 343 1354 1.
367 1332 434 1354 nec
460 1345 467 1352 .
484 1345 492 1353 .
510 1345 518 1353 .
542 1332 611 1353 nec
627 1346 634 1354 .
655 1345 662 1352 .
681 1346 688 1354 .
705 1332 795 1354 nec:
827 1322 884 1354 the
906 1322 1031 1364 variety

268 1366 303 1397 in
334 1365 390 1397 the
418 1365 513 1397 MSS.
558 1365 615 1406 [cf.
646 1368 683 1403 ἐξ
715 1374 744 1404 3,
773 1364 830 1407 51]
861 1376 965 1398 seems
995 1371 1031 1398 to

271 1409 414 1440 indicate
440 1419 460 1439 a
486 1409 647 1449 tendency
673 1414 708 1440 to
735 1410 906 1441 substitute
929 1420 1033 1451 neque

271 1453 322 1484 for
338 1463 405 1491 nec,
421 1452 598 1492 especially
615 1452 724 1483 before
740 1463 760 1483 a
775 1453 890 1484 vowel.
924 1453 1033 1484 Land-

271 1496 354 1537 graf,
372 1496 405 1526 in
421 1495 503 1526 RH.
520 1506 550 1525 n.
567 1496 644 1536 408,
662 1506 735 1536 says
749 1496 819 1527 that
836 1506 878 1527 on
894 1501 1033 1528 account

273 1539 312 1570 of
323 1539 401 1570 such
419 1539 554 1580 variety,
572 1550 616 1570 no
633 1549 705 1570 sure
722 1539 928 1571 conclusions
946 1550 982 1571 as
997 1545 1033 1571 to

272 1582 328 1614 the
355 1592 411 1613 use
442 1582 480 1613 of
507 1592 564 1613 nec
591 1583 701 1613 before
726 1593 746 1613 a
770 1583 876 1615 vowel
907 1594 967 1615 can
992 1583 1034 1615 be

275 1625 403 1657 arrived
441 1630 485 1656 at.
549 1625 690 1657 ‘Caesar
727 1625 875 1666 objected
912 1632 947 1658 to
978 1637 1034 1658 nec

275 1669 387 1700 before
404 1679 421 1699 a
435 1669 553 1708 vowel,
567 1669 631 1700 and
648 1679 685 1700 so
702 1669 827 1701 formed
843 1670 1034 1712 inopinans,

275 1712 331 1743 the
351 1712 469 1743 author
491 1712 529 1743 of
551 1713 605 1744 the
628 1710 847 1744 Alexandrian
872 1724 940 1744 war
962 1723 1036 1744 uses

276 1765 380 1797 neque
425 1755 572 1796 opinans,
622 1756 739 1787 Cicero
784 1756 934 1798 employs
980 1767 1037 1788 nec

277 1798 441 1840 opinans.'
486 1799 526 1829 W
531 1798 638 1830 olfflin
665 1799 809 1831 remarks
835 1811 855 1831 a
877 1800 1037 1840 tendency

277 1847 313 1874 to
339 1852 396 1873 use
422 1852 441 1872 a
468 1842 589 1873 second
616 1853 672 1874 nec
696 1843 806 1874 before
829 1854 850 1874 a
872 1844 987 1882 vowel,
1013 1843 1040 1874 if

278 1885 438 1928 preceded
459 1885 501 1925 by
517 1896 573 1916 nec
589 1886 700 1917 before
716 1897 736 1917 a
752 1892 945 1926 consonant,
963 1897 990 1918 e.
1005 1897 1035 1927 g.

278 1938 343 1960 nec
374 1928 548 1970 plumbum
579 1940 638 1961 nec
669 1940 795 1962 aurum.
861 1930 951 1962 Here
981 1940 1038 1961 nec

278 1972 390 2004 before
438 1972 621 2013 imperante
662 1983 766 2005 seems
803 1973 966 2015 preferred
1004 1973 1038 2004 in

279 2015 496 2056 anticipation
536 2016 574 2046 of
608 2026 666 2047 nec
700 2040 708 2048 .
745 2041 753 2048 .
789 2040 796 2048 .
836 2027 893 2048 nec
929 2016 1038 2048 which

282 2058 406 2090 follow.

327 2110 356 2141 3.
381 2104 523 2133 sicuti.
567 2106 666 2134 .1ta..
703 2102 757 2134 the
783 2103 955 2144 pleonasm
982 2102 1038 2144 [cf.

284 2149 300 2184 ξ
319 2144 339 2176 6
356 2145 408 2184 n.)
432 2145 522 2185 gives
541 2125 718 2187 solemnity
735 2152 770 2178 to
793 2147 849 2178 the
873 2147 1039 2178 assertion.

283 2189 316 2220 It
339 2188 456 2228 hardly
473 2198 576 2220 seems
599 2199 768 2231 necessary
783 2194 818 2220 to
843 2190 992 2221 consider
1014 2190 1040 2221 it

283 2242 324 2263 an
337 2232 439 2262 idiom
451 2232 548 2263 taken
560 2232 643 2263 from
656 2232 712 2264 the
724 2243 827 2264 sermo
831 2232 1040 2274 samzlzarzs

282 2275 315 2306 in
342 2275 450 2306 which
481 2275 560 2306 such
591 2276 782 2317 repetitions
813 2287 867 2308 are
894 2277 1041 2317 frequent

286 2319 494 2359 [Guttmann
512 2329 544 2360 p.
566 2319 630 2360 10].
676 2318 1042 2361 Quintilian'sreading

283 2362 339 2393 si.
385 2365 451 2392 .ut
472 2362 584 2393 would
608 2368 677 2394 cast
699 2374 719 2394 a
742 2363 846 2394 doubt
870 2374 960 2413 upon
985 2363 1041 2395 the

284 2385 496 2436 truthfulness
528 2405 566 2436 of
594 2405 649 2437 the
683 2410 782 2447 story.
843 2407 874 2438 It
903 2407 931 2438 is
962 2406 1042 2447 duly

285 2447 488 2490 reproduced
503 2449 546 2489 by
561 2449 668 2490 Julius
685 2449 818 2481 Victor:
845 2450 885 2482 cf.
900 2461 930 2491 p.
950 2450 1016 2481 xlv.

329 2501 359 2532 4.
383 2495 476 2523 vi..
494 2495 600 2524 .vis:
635 2492 687 2524 for
717 2494 772 2525 the
802 2494 974 2535 repetition
1001 2493 1042 2524 cf.

286 2534 367 2566 Sest.
397 2543 448 2575 39,
476 2535 540 2566 and
570 2535 619 2567 for
649 2536 703 2568 the
733 2536 932 2569 alliteration
962 2537 1042 2568 with

286 2578 374 2609 victa
394 2582 408 2615 ξ
427 2588 446 2619 9
463 2588 498 2610 n

332 2623 361 2652 8.
385 2625 489 2652 fleri:
515 2622 648 2654 Iretain
663 2622 718 2655 the
731 2623 884 2663 ordinary
895 2623 1042 2664 reading,

287 2664 415 2705 though
427 2665 507 2695 with
520 2676 611 2697 some
622 2665 808 2698 hesitation.
834 2667 906 2698 The
918 2667 1043 2708 variety

286 2708 321 2739 in
350 2708 406 2739 the
436 2708 521 2749 posi'
514 2709 580 2739 ion
607 2709 645 2740 of
659 2709 748 2751 fieri
770 2711 803 2741 in
829 2710 855 2741 P
879 2710 946 2741 and
970 2710 1043 2748 TE,

285 2750 438 2792 together
462 2752 542 2782 with
571 2752 614 2783 its
635 2754 792 2784 omission
820 2754 853 2784 in
875 2754 930 2785 the
952 2753 1042 2792 dett„

288 2794 402 2825 makes
432 2794 487 2826 the
511 2796 603 2826 word
629 2796 792 2828 doubtful.
839 2797 991 2828 Without
1018 2796 1044 2828 it

287 2837 344 2869 the
359 2837 500 2879 ellipse
490 2849 518 2869 ι5
534 2849 595 2870 one
611 2839 648 2870 of
648 2838 773 2880 facere,
789 2850 832 2871 sc.
850 2840 946 2871 Milo.

334 2889 384 2912 10.
409 2884 522 2913 feris:
557 2882 611 2913 the
641 2882 789 2914 addition
815 2882 917 2914 etiam
941 2882 1045 2914 beluis

288 2923 390 2955 found
420 2924 453 2955 in
480 2925 505 2955 P
534 2936 673 2967 appears
702 2930 738 2958 to
763 2937 816 2958 me
847 2936 866 2958 a
891 2926 1044 2958 manifest

1264 1044 1324 1066 nec
1336 1034 1455 1066 sciente
1468 1033 1543 1066 PE:
1567 1033 1677 1066 Schol.
1701 1033 1740 1065 B.
1755 1043 1858 1074 neque

1289 1086 1318 1117 3.
1343 1078 1439 1109 sicuti
1461 1077 1542 1110 TE:
1573 1077 1661 1109 sicut
1682 1077 1746 1114 Ρδ;
1766 1077 1800 1108 si
1820 1080 1860 1108 ut

1545 1129 1576 1162 5.
1600 1120 1685 1152 nihil
1699 1119 1776 1152 dico
1783 1123 1858 1161 post

817 1166 847 1196 8.
871 1165 940 1196 iure
966 1165 1034 1196 fieri
1060 1175 1126 1196 non
1154 1165 1263 1206 potuit
1286 1165 1329 1195 P:
1350 1164 1439 1207 fieri
1463 1164 1539 1195 iure
1564 1174 1632 1196 non
1647 1167 1754 1206 posset
1776 1162 1857 1200 TE;

1096 1217 1146 1240 10.
1171 1208 1266 1240 feris:
1290 1208 1391 1239 ettam
1407 1207 1510 1239 beluis
1525 1207 1600 1240 add.
1617 1207 1652 1239 P.
1669 1206 1744 1240 edd.
1760 1216 1843 1239 recc-

1098 1321 1344 1364 interpolation.
1369 1322 1496 1364 Peyron
1510 1321 1648 1354 himself
1658 1332 1744 1363 says,
1754 1321 1859 1363 ‘glos-

1101 1377 1171 1398 sam
1199 1365 1279 1396 mihi
1305 1376 1419 1407 sapere
1441 1366 1568 1398 videtur
1592 1365 1859 1407 praecedentium

1100 1410 1272 1441 verborum
1302 1413 1333 1440 et
1350 1408 1453 1450 feris.
1455 1408 1464 1423 '
1509 1409 1542 1441 It
1571 1409 1676 1458 spoils
1705 1408 1762 1440 the
1786 1418 1859 1440 con-

1101 1453 1247 1484 cinnitas
1264 1452 1301 1483 of
1320 1452 1375 1483 the
1391 1457 1551 1490 sentence,
1565 1453 1654 1484 since
1674 1451 1798 1484 doctis.

1102 1496 1274 1527 barbaris.
1318 1495 1500 1537 .genlibus
1514 1476 1622 1528 which
1637 1505 1691 1527 are
1706 1494 1861 1537 properly

1102 1539 1259 1571 followed
1289 1520 1333 1579 by
1357 1539 1414 1570 the
1438 1539 1542 1580 single
1565 1539 1657 1571 word
1676 1538 1778 1580 seris,
1805 1547 1860 1569 are

1103 1582 1341 1614 overbalanced
1362 1582 1407 1623 by
1413 1582 1506 1623 ferzs
1524 1582 1626 1614 etiam
1648 1581 1761 1613 beluis.
1806 1580 1861 1613 Cf.

1102 1626 1144 1658 de
1162 1626 1230 1657 Inv.
1248 1626 1268 1656 i.
1289 1634 1350 1665 103
1365 1636 1386 1656 a
1396 1626 1487 1667 seras
1501 1625 1692 1657 hominibus
1705 1629 1738 1657 et
1750 1635 1772 1656 a
1787 1624 1860 1656 bar-

1103 1669 1193 1701 baris
1211 1669 1366 1711 genttbus
1386 1673 1418 1700 et
1438 1669 1644 1701 immanibus
1664 1667 1784 1700 bestiis.
1829 1667 1862 1699 It

1104 1712 1175 1744 also
1200 1713 1227 1744 is
1254 1717 1405 1753 contrary
1426 1716 1462 1744 to
1488 1712 1544 1744 the
1566 1722 1668 1746 sense.
1715 1709 1861 1743 Cicero's

1104 1757 1199 1798 point
1223 1756 1251 1787 is
1278 1756 1351 1787 that
1377 1756 1431 1787 the
1457 1755 1522 1787 law
1547 1756 1585 1787 of
1604 1755 1676 1787 sels
1677 1754 1812 1787 defence
1833 1754 1862 1786 is

1105 1810 1259 1831 common
1283 1804 1318 1830 to
1342 1799 1482 1831 animals
1503 1809 1540 1830 as
1558 1798 1635 1831 well
1656 1809 1692 1831 as
1714 1803 1750 1830 to
1771 1806 1859 1829 man.

1104 1842 1201 1874 Feris
1216 1842 1319 1874 beluis
1333 1842 1445 1874 would
1461 1842 1589 1874 confine
1604 1842 1670 1874 this
1684 1843 1861 1880 statement

1105 1891 1140 1918 to
1171 1888 1180 1904 ‘
1194 1896 1314 1926 savage
1343 1885 1503 1918 animals.'
1549 1885 1669 1924 These,
1698 1883 1860 1922 however,

1105 1929 1217 1960 would
1247 1929 1411 1970 naturally
1441 1928 1558 1961 defend
1593 1928 1806 1960 themselves:
1841 1937 1861 1959 a

1106 1977 1254 2013 stronger
1263 1973 1419 2009 assertion
1435 1972 1463 2004 is
1478 1972 1549 2004 that
1560 1972 1691 2013 gentler
1703 1976 1863 2004 ereatures

1106 2016 1176 2047 will
1199 2016 1244 2047 do
1267 2026 1315 2055 so,
1332 2026 1359 2047 e.
1373 2026 1405 2057 g.
1421 2016 1476 2047 the
1498 2021 1571 2056 stag
1594 2025 1629 2046 as
1650 2015 1728 2047 well
1751 2025 1787 2047 as
1807 2014 1863 2046 the

1107 2059 1176 2091 lion
1196 2069 1235 2090 or
1253 2059 1345 2100 tiger.
1392 2059 1422 2090 T
1423 2059 1481 2091 hat
1495 2059 1577 2101 scra
1599 2059 1694 2090 belua
1715 2058 1776 2090 has
1797 2058 1863 2090 this

1107 2113 1197 2134 sense
1209 2113 1285 2143 may
1297 2103 1336 2134 be
1349 2113 1422 2134 seen
1433 2102 1516 2133 from
1533 2112 1564 2134 e.
1573 2113 1605 2145 g.
1619 2101 1663 2134 ad
1673 2101 1816 2134 Herenn.
1829 2101 1864 2132 ii.

1110 2155 1149 2187 29
1160 2145 1335 2187 cumfiras
1346 2145 1461 2177 bestias
1477 2145 1646 2178 videamus
1661 2169 1669 2177 .
1684 2169 1693 2177 .
1708 2168 1718 2177 .
1733 2145 1863 2184 vadere,

1107 2194 1143 2221 ut
1153 2189 1247 2221 alteri
1259 2190 1382 2221 bestiae
1392 2193 1535 2228 noceant,
1544 2199 1610 2220 non
1619 2193 1668 2220 est
1674 2187 1866 2221 incredibile

1108 2232 1290 2274 putandum
1307 2232 1401 2264 istius
1421 2242 1552 2274 quoque
1574 2233 1720 2264 animum
1730 2230 1862 2273 serum,

1109 2277 1152 2307 ib.
1171 2277 1214 2308 iv.
1234 2285 1269 2316 5¹
1287 2276 1403 2318 feram
1419 2280 1451 2307 et
1464 2276 1689 2308 truculentam
1711 2274 1864 2313 bestiam,

1109 2320 1187 2351 Nat.
1204 2319 1247 2350 D.
1264 2319 1299 2350 ii.
1321 2318 1378 2350 161
1405 2320 1566 2351 immanes
1589 2317 1734 2360 etseras
1755 2318 1866 2349 beluas

1109 2362 1328 2394 nanciscimur
1351 2363 1501 2394 venando
1525 2386 1532 2394 .
1550 2386 1558 2393 .
1575 2386 1582 2393 .
1606 2367 1647 2394 ut
1673 2360 1867 2404 elephantes,

1111 2406 1203 2437 V.e1r
1231 2416 1261 2437 v.
1289 2414 1350 2447 109
1378 2416 1453 2437 cum
1478 2405 1610 2437 homine
1632 2405 1719 2437 enim
1741 2403 1869 2436 crudeli

1111 2449 1206 2480 nobis
1221 2460 1270 2480 res
1286 2453 1344 2487 est,
1361 2459 1403 2480 an
1419 2459 1493 2480 cum
1506 2454 1589 2490 jera
1610 2454 1706 2490 atque
1722 2447 1870 2479 immani

1111 2492 1235 2524 belua?
1278 2493 1382 2524 Ferae
1403 2502 1445 2523 on
1468 2492 1524 2524 the
1548 2492 1640 2524 other
1662 2491 1787 2524 hand=
1796 2491 1870 2522 ‘the

1113 2535 1235 2567 animal
1257 2535 1437 2576 kingdom'
1454 2536 1488 2566 in
1511 2534 1656 2577 general,
1679 2545 1707 2566 e.
1720 2545 1753 2576 g.
1769 2533 1866 2566 Rosc.

1113 2580 1190 2610 Am.
1216 2578 1258 2619 63
1283 2589 1357 2610 cum
1383 2578 1484 2610 etiam
1498 2578 1598 2620 feras
1619 2579 1702 2610 inter
1725 2587 1818 2610 sese.

1112 2627 1230 2654 natura
1254 2622 1326 2664 ipsa
1353 2622 1514 2654 conciliet.
1559 2621 1604 2653 So
1628 2621 1661 2652 in
1683 2621 1739 2653 the
1761 2630 1869 2652 some-

1112 2665 1202 2697 what
1225 2665 1352 2696 similar
1377 2674 1516 2707 passage
1542 2665 1583 2697 de
1608 2664 1666 2697 Or.
1689 2664 1723 2695 ii.
1745 2662 1806 2695 168
1829 2673 1870 2696 ex

1114 2708 1332 2740 similitudine
1360 2733 1368 2740 .
1398 2731 1406 2738 .
1434 2732 1443 2740 .
1473 2708 1505 2739 si
1523 2707 1622 2750 ferae
1651 2711 1766 2750 partus
1794 2717 1870 2739 suos

1114 2752 1268 2793 diligunt,
1285 2762 1349 2793 qua
1364 2761 1424 2783 nos
1438 2752 1470 2782 in
1486 2752 1608 2783 liberos
1623 2755 1749 2784 nostros
1763 2750 1871 2782 indul-

1114 2797 1226 2837 gentia
1250 2805 1319 2827 esse
1346 2795 1514 2826 debemus.
1558 2794 1605 2826 At
1632 2805 1673 2826 ex
1702 2793 1870 2825 dissimili—

1112 2838 1236 2876 tudine,
1252 2838 1284 2869 si
1305 2838 1520 2870 barbarorum
1537 2843 1585 2870 est
1600 2837 1633 2869 in
1648 2837 1736 2869 diem
1751 2837 1872 2876 vivere,

1111 2887 1223 2914 nostra
1239 2882 1376 2914 consilia
1390 2882 1621 2924 sempiternum
1637 2885 1768 2923 tempus
1781 2890 1872 2923 spec·

1110 2931 1178 2958 tare
1193 2925 1324 2968 debent.

1878 916 1919 940 10
