1942 3236
612 182 691 224 IN
724 183 1173 228 MILONIANAM.
1615 198 1692 229 111

54 348 56 350 ,
142 299 278 358 Quod
299 300 405 344 dicit
435 299 650 343 intenta
681 299 835 342 nobis
866 306 950 342 est
980 306 1030 342 et
1062 301 1208 343 obici
1240 316 1333 344 vos
1363 316 1456 357 pro
1488 317 1564 345 me
1596 317 1694 346 non

83 383 192 415 sum
213 383 419 427 passus,
445 368 452 426 Ι
478 368 763 412 manifestum
786 375 854 412 est
875 369 1096 424 pertinere
1117 370 1174 412 ad
1197 371 1241 412 id
1263 376 1456 425 tempus,
1476 386 1564 426 quo
1595 380 1695 427 post
1714 386 1761 419 47

29 434 359 513 {rogationem
379 453 406 482 a
428 439 472 482 P.
492 438 653 482 Clodio
674 438 718 480 in
740 452 842 480 eum
865 439 1192 494 promulgatam
1216 441 1323 482 urbe
1345 442 1485 483 cessit.
1547 442 1698 497 Quare

37 514 58 520 ⁰
82 510 205 554 dicat
237 509 486 552 insidiata
507 508 770 563 Pompeio
806 515 897 558 est,
931 507 1130 550 fortassis
1166 511 1398 564 quaeratis.
1463 511 1620 553 Pisone
1652 517 1697 553 et

31 535 278 638 {Gabinio
307 591 420 622 coss.
441 577 572 634 pulso
604 576 819 620 Cicerone
848 578 892 618 in
915 578 1116 628 exilium,
1139 592 1240 620 cum
1265 578 1334 620 III
1367 579 1474 621 Idus
1501 580 1698 622 Sextiles

32 647 322 706 j3‘Pompeius
341 647 387 690 in
409 652 613 690 senatum
634 647 767 697 venit,
788 647 950 690 dicitur
981 661 1107 690 servo
1130 647 1177 689 P.
1203 648 1332 690 Clodi
1354 649 1443 690 sica
1466 650 1698 700 excidisse,

46 715 50 720 ⁴
82 730 224 774 eaque
243 714 302 760 ad
323 716 564 760 Gabinium
585 715 812 759 consulem
837 716 986 758 delata
1007 718 1177 759 dictum
1198 724 1265 759 est
1286 731 1411 760 servo
1432 719 1695 773 imperatum

30 798 50 829 f
82 801 112 831 a
130 787 180 831 P.-
200 786 376 839 Clodio,
394 793 445 830 ut
461 786 700 842 Pompeius
722 787 1010 829 occideretur.
1074 787 1312 841 Pompeius
1338 787 1490 829 statim
1512 788 1697 830 domum

0 856 1 860 ’
35 874 38 875 ’
56 899 68 919 3
83 856 212 900 rediit
234 859 328 911 (et)
351 869 411 898 ex
431 852 487 899 eo
506 856 629 899 domi
654 855 753 911 (se)
778 856 934 898 tenuit.
998 856 1220 898 Obsessus
1242 864 1309 899 est
1332 857 1466 898 etiam
1488 871 1514 898 a
1535 857 1697 899 liberto

26 919 72 981 r}
85 925 220 970 Clodi
255 925 492 977 Damione,
528 930 578 967 ut
619 939 678 968 ex
711 924 842 967 Actis
883 926 976 967 eius
1021 925 1184 980 <anni>
1222 926 1426 979 cognovi,
1461 926 1503 968 in
1539 927 1698 980 quibus

38 987 43 989 ³
85 994 176 1039 XV
205 994 309 1038 Kal.
342 994 468 1051 Sept.
501 994 554 1038 L.
589 994 760 1037 Novius
794 996 996 1037 tribunus
1032 995 1189 1049 plebis,
1220 995 1389 1050 collega
1422 995 1566 1045 Clodi,
1596 1009 1696 1037 cum

85 1064 250 1108 Damio
282 1064 518 1107 adversum
552 1063 666 1120 (L.)
702 1063 906 1106 Flavium
938 1070 1187 1118 praetorem
1222 1064 1466 1119 appellaret
1497 1065 1697 1106 tribunos

18 1178 20 1180 ,
83 1139 131 1177 et
163 1133 332 1177 tribuni
363 1134 421 1177 de
452 1133 753 1190 appellatione
786 1140 1115 1190 cognoscerent,
1152 1134 1215 1175 ita
1247 1135 1513 1177 sententiam
1551 1134 1697 1176 dixit:

55 1203 229 1260 ,Et(si
256 1203 346 1259 ab>
386 1202 485 1246 hoc
525 1203 836 1259 apparitore
875 1204 924 1244 P.
959 1202 1115 1245 Clodi
1145 1202 1460 1245 vulneratus
1492 1217 1617 1254 sum,
1649 1210 1699 1245 et

27 1282 68 1325 ¹1⁸
85 1272 384 1317 hominibus
418 1273 646 1316 armatis
685 1273 973 1328 praesidiis
1007 1273 1290 1328 dispositis
1326 1287 1353 1316 a
1388 1287 1440 1315 re
1482 1273 1698 1327 publica

85 1349 324 1387 remotus
346 1343 434 1386 Cn.
458 1343 738 1399 Pompeius
765 1344 1011 1385 obsessus
1036 1349 1144 1385 est:
1176 1356 1289 1384 cum
1319 1343 1575 1398 appeller,
1596 1357 1698 1385 non

85 1418 205 1456 utar
233 1413 344 1456 eius
374 1411 808 1468 exemplo,quem
838 1413 1100 1467 vitupero,
1132 1419 1182 1454 et
1215 1412 1469 1455 iudicium
1501 1411 1700 1463 tollam,

14 1509 18 1512 ·
85 1489 132 1527 et
150 1482 318 1538 reliqua
337 1483 395 1526 de
415 1482 739 1525 intercessione.

54 1541 64 1546 ⁵
145 1552 291 1596 Haec
322 1553 463 1594 viam
497 1551 728 1608 Appiam
763 1557 1156 1593 monumentum
1192 1552 1415 1594 nominis
1453 1553 1530 1594 sui
1571 1566 1696 1595 nece

10 1640 71 1671 rso
88 1621 263 1678 Papiri
284 1622 602 1665 cruentavit.

145 1691 383 1748 Pompeius
415 1697 518 1748 post
549 1690 824 1747 triumphum
857 1690 1212 1733 Mithridaticum
1245 1690 1448 1746 Tigranis
1480 1690 1618 1733 filium
1653 1691 1696 1732 in

87 1761 254 1804 catenis
287 1761 552 1816 deposuerat
587 1761 707 1816 apud
743 1760 946 1803 Flavium
981 1767 1253 1802 senatorem:
1296 1761 1370 1814 qui
1404 1766 1561 1814 postea
1595 1774 1695 1802 cum

87 1836 205 1883 esset
225 1837 403 1887 praetor
429 1830 588 1873 eodem
615 1844 746 1880 anno,
769 1844 860 1885 quo
884 1830 1086 1872 tribunus
1109 1829 1250 1884 plebis
1273 1829 1470 1879 Clodius,
1491 1830 1618 1884 petiit
1640 1831 1696 1871 ab

86 1913 141 1942 eo
173 1898 356 1942 Clodius
388 1913 522 1955 super
553 1913 722 1949 cenam,
751 1907 800 1942 ut
833 1899 1073 1954 Tigranem
1103 1899 1266 1942 adduci
1304 1899 1486 1949 iuberet,
1517 1906 1561 1941 et
1594 1913 1695 1940 eum

28 1973 69 2012 ⁸5
85 1969 266 2013 videret.
337 1969 600 2013 Adductum
642 1969 875 2012 collocavit
921 1970 965 2011 in
1011 1969 1226 2019 convivio,
1263 1968 1365 2009 dein
1409 1968 1562 2011 Flavio
1609 1983 1696 2010 non

85 2038 278 2082 reddidit
298 2039 538 2094 Tigranem
555 2054 566 2088 3
597 2039 721 2081 domi
738 2053 844 2081 suae
865 2039 1020 2081 habuit
1038 2045 1168 2080 extra
1184 2044 1362 2080 catenas
1380 2052 1461 2080 nec
1479 2038 1695 2092 repetenti

87 2107 302 2164 Pompeio
323 2109 528 2151 reddidit.
589 2108 750 2151 Postea
772 2109 816 2150 in
838 2122 996 2150 navem
1018 2108 1236 2163 deposuit,
1258 2114 1302 2149 et
1324 2121 1424 2149 curn
1446 2107 1697 2162 profugeret

85 2177 172 2228 ille,
201 2184 469 2234 tempestate
499 2177 676 2221 delatus
706 2185 774 2221 est
796 2179 1001 2222 Antium.
1065 2178 1178 2220 Inde
1206 2176 1211 2233 Ι
1241 2185 1288 2220 ut
1319 2177 1609 2219 deduceretur
1639 2178 1695 2218 ad
1714 2184 1763 2215 48

85 2260 148 2299 se,
169 2246 352 2291 Clodius
382 2247 486 2291 Sex.
515 2247 738 2298 Clodium,
758 2249 814 2291 de
842 2262 931 2302 quo
960 2262 1091 2303 supra
1121 2248 1330 2297 diximus,
1354 2246 1543 2301 (misit).
1605 2247 1695 2301 Qui

25 2328 70 2371 ιο
84 2330 186 2367 cum
199 2318 437 2370 reduceret,
452 2317 630 2360 Flavius
645 2331 822 2373 quoque
839 2332 886 2360 re
903 2318 1078 2373 cognita
1094 2317 1150 2359 ad
1169 2317 1439 2371 eripiendum
1457 2316 1694 2371 Tigranem

6 2421 9 2425 .
84 2387 308 2442 profectus
326 2393 406 2430 est.
466 2387 545 2430 Ad
566 2394 774 2443 quartum
807 2387 1002 2442 lapidem
1028 2387 1086 2428 ab
1114 2387 1222 2428 urbe
1243 2399 1392 2441 pugna
1413 2385 1529 2427 facta
1549 2392 1630 2435 est,
1651 2386 1694 2426 in

8 2475 11 2479 ·
85 2469 174 2511 qua
203 2455 332 2499 multi
362 2470 421 2498 ex
452 2463 642 2511 utraque
672 2463 798 2512 parte
830 2457 1096 2506 ceciderunt,
1118 2455 1263 2510 plures
1293 2461 1443 2496 tamen
1476 2468 1533 2495 ex
1557 2454 1696 2504 Flavi,

0 2532 10 2559 ¹·
86 2525 201 2568 inter
220 2539 335 2580 quos
361 2531 408 2568 et
430 2525 492 2569 M.
514 2526 714 2580 Papirius
739 2540 875 2580 eques
906 2526 1152 2574 Romanus,
1172 2524 1445 2578 publicanus,
1467 2523 1693 2565 familiaris

86 2594 316 2650 Pompeio.
378 2594 557 2638 Flavius
579 2595 674 2638 sine
695 2596 859 2637 comite
882 2595 1074 2636 Romam
1096 2594 1172 2635 vix
1195 2592 1401 2647 perfugit.

131 2705 162 2730 1.
184 2696 311 2730 intenta
326 2697 425 2730 codd.
440 2696 503 2730 SM
518 2708 525 2729 :
550 2697 727 2729 intentata.
878 2696 926 2729 16.
953 2701 1096 2728 remotus
1113 2695 1173 2728 Cn.
1188 2694 1366 2736 Pompeius
1382 2694 1542 2729 obsessus,
1559 2693 1691 2735 scripsi:

83 2740 364 2828 mgna]
394 2741 456 2774 Cn.
486 2741 664 2783 Pompeius
687 2739 934 2783 obsessus<que>
960 2745 1017 2772 est.
1189 2747 1242 2778 30.
1266 2738 1483 2781 eripiendum,
1509 2737 1691 2770 Bucheler:

78 2888 87 2897 ε
132 2875 184 2900 11.
208 2871 388 2901 nm:
405 2867 532 2900 Rinkes
541 2868 856 2911 proposestoinsert
918 2868 1014 2899 Acta.
1041 2866 1114 2898 The
1123 2863 1557 2907 description,however‚of
1565 2862 1693 2894 Novius

85 2910 259 2944 estbefore
275 2911 367 2945 these
380 2912 500 2952 words,
518 2911 668 2954 marking
684 2912 735 2943 ‘X
741 2913 773 2943 V
793 2936 800 2943 .
819 2936 827 2942 .
846 2935 855 2943 .
919 2921 956 2942 as
982 2910 1100 2951 collega
1131 2909 1227 2941 Clodi
1247 2908 1328 2941 does
1349 2912 1408 2940 not
1431 2907 1535 2940 sound
1559 2907 1626 2939 like
1650 2916 1691 2938 an

86 2954 334 2989 inoeroesubne’
362 2966 400 2989 as
426 2967 446 2988 a
477 2956 651 2999 quotation
681 2955 767 2988 from
799 2955 856 2987 the
921 2954 1043 2987 official
1060 2953 1205 2986 citation.
