1942 3236
91 155 139 238 ἢ
531 187 664 232 PRO
709 189 752 232 T.
795 190 1008 234 ANNIO
1046 192 1311 237 MILONE.
1665 207 1723 253 27

74 314 287 362 §emper
304 303 410 357 vim,
436 318 716 362 quacumque
745 322 830 362 ope
854 316 1046 363 possent,
1074 324 1100 352 a
1129 324 1322 366 corpore,
1347 327 1373 354 a
1398 313 1553 367 capite,
1581 328 1607 355 a
1627 314 1720 355 vita

68 384 192 433 »ξπ
221 373 542 429 propulsarent,
574 389 664 418 non
694 378 879 432 potestis
909 378 995 420 hoc
1026 379 1195 422 facinus
1229 373 1481 436 improbum
1517 383 1720 434 iudicare,

60 439 221 499 quin
254 443 387 486 simul
427 444 630 488 iudicetis
670 447 889 499 omnibus,
930 449 1005 503 qui
1047 449 1090 490 in
1132 449 1326 492 latrones
1367 451 1607 500 inciderint,
1643 458 1720 494 aut

63 530 67 531 ⁷
72 505 286 563 illorum
306 512 408 556 telis
428 519 507 556 aut
525 515 684 558 vestris
705 517 934 559 sententiis
963 531 1057 560 esse
1087 520 1372 572 pereundum.
1435 520 1568 575 Quod
1595 521 1631 562 si
1659 521 1719 563 ita
1739 532 1781 562 31

65 584 325 643 putasset
345 589 463 626 certe
468 584 722 642 optabilius
745 585 904 628 Miloni
927 586 1008 628 fuit
1031 588 1134 629 dare
1157 588 1355 642 iugulum
1374 589 1418 630 P.
1439 589 1610 641 Clodio,
1633 603 1722 631 non

64 668 68 669 ⁷
66 642 247 708 [semel
265 652 324 694 ab
349 652 426 695 illo
446 667 589 708 neque
609 661 704 696 tum
727 656 919 709 primum
940 657 1145 711 petitum,
1165 672 1300 712 quam
1322 658 1507 712 iugulari
1534 673 1559 700 a
1580 660 1719 708 vobis,

64 750 67 751 ⁷
65 718 215 777 ἶφιίιι
233 734 281 764 se
301 734 392 764 non
415 723 704 778 iugulandum
729 724 794 766 illi
823 726 1087 768 tradidisset.
1150 726 1231 769 Sin
1258 727 1342 770 hoc
1368 742 1499 769 nemo
1525 734 1719 770 vestrum

104 789 176 837 ina
201 792 352 844 sentit,
382 791 492 835 illud
523 793 611 835 iam
643 794 686 835 in
717 794 928 836 iudicium
959 796 1092 845 venit,
1124 810 1212 838 non
1244 797 1469 839 occisusne
1497 798 1569 850 sit,
1600 798 1720 852 quod

69 854 79 894 »ἶ
107 858 311 923 intentur,
337 861 416 904 sed
446 861 539 904 iure
568 876 626 904 an
658 863 824 916 iniuria,
852 866 973 919 quod
1003 866 1153 907 multis
1181 866 1225 907 in
1254 866 1396 908 causis
1427 880 1558 920 saepe
1588 881 1721 921 quae-

62 925 246 983 {situm
273 937 356 974 est.
417 931 608 975 Insidias
637 932 776 975 factas
805 948 900 976 esse
927 941 1113 984 constat,
1142 942 1186 977 et
1215 935 1259 976 id
1288 942 1365 986 est,
1393 936 1513 990 quod
1542 942 1721 978 senatus

57 1004 265 1058 ,scontra‘
285 1013 380 1043 rem
401 1001 624 1056 publicam
646 1002 811 1044 factum
833 1003 1067 1054 iudicavit;
1100 1005 1156 1046 ab
1182 1011 1282 1046 utro
1305 1004 1447 1046 sactae
1472 1005 1558 1047 sint
1585 1005 1721 1047 incer-

60 1069 206 1117 {tum
226 1076 318 1120 est3
350 1070 408 1113 de
427 1070 512 1114 hoc
534 1071 668 1127 igitur
687 1071 828 1115 latum
851 1080 918 1115 est
939 1080 989 1115 ut
1016 1081 1310 1128 quaereretur.
1375 1074 1446 1116 Ita
1471 1081 1516 1116 et
1544 1081 1721 1117 senatus

76 1154 79 1156 ⁷
105 1147 216 1191 tem,
239 1152 335 1181 ,ιιοιι
364 1138 590 1183 hominem
622 1142 806 1194 notavit,
837 1149 882 1184 et
913 1142 1150 1197 Pompeius
1181 1143 1238 1184 de
1266 1143 1369 1193 iure,
1398 1157 1487 1184 non
1519 1144 1575 1185 de
1604 1144 1720 1185 facto

57 1268 61 1270 q
69 1204 415 1269 9ff1aaetionem
454 1210 568 1252 tulit.
632 1211 754 1253 Num
789 1212 897 1266 quid
933 1212 1066 1268 igitur
1106 1213 1227 1255 aliud
1263 1213 1307 1254 in
1343 1213 1551 1254 iudicium
1587 1214 1719 1264 venit,
1739 1216 1798 1260 12

48 1273 80 1338 ’Ἴ
109 1276 196 1321 nisi
225 1283 324 1341 uter
353 1279 439 1322 utri
470 1276 652 1322 insidias
684 1275 866 1324 fecerit?
910 1282 1111 1324 Profecto
1141 1282 1275 1332 nihil;
1317 1282 1352 1323 si
1384 1282 1456 1324 hic
1487 1281 1560 1333 illi,
1589 1289 1638 1325 ut
1665 1297 1720 1324 ne

50 1358 70 1399 gg
108 1347 168 1391 sit
180 1340 392 1403 irnPune3
423 1349 460 1391 si
482 1348 556 1392 ille
576 1350 689 1402 huic,
710 1357 806 1392 tum
830 1365 911 1394 nos
936 1351 1099 1394 scelere
1120 1351 1355 1393 solvamur.

101 1402 378 1472 “Quonam
415 1419 548 1474 igitur
583 1426 716 1476 pacto
752 1422 931 1475 probari
972 1427 1120 1476 potest
1156 1422 1334 1463 insidias
1372 1421 1529 1464 Miloni
1566 1420 1719 1464 fecisse
1738 1429 1784 1459 32

54 1540 56 1542 ,
65 1484 350 1531 Clodium?
381 1487 501 1531 Satis
521 1497 590 1532 est
610 1491 655 1531 in
681 1490 756 1533 illa
777 1491 958 1546 quidem
979 1498 1072 1533 tam
1094 1492 1263 1542 audaci,
1285 1497 1377 1532 tam
1403 1489 1568 1532 nefaria
1590 1490 1719 1534 belua

107 1556 270 1600 docere
283 1570 495 1614 magnam
523 1559 564 1601 ei
592 1573 785 1612 causam,
807 1574 1015 1616 magnam
1037 1574 1162 1616 spem
1185 1561 1229 1602 in
1252 1560 1430 1602 Milonis
1454 1549 1595 1601 rnorte
1616 1574 1720 1615 pro-

1782 708 1803 732 7

110 1677 185 1719 7.
209 1675 269 1708 illi
281 1686 350 1711 mm
365 1677 437 1720 ing.
453 1678 482 1711 δ.
527 1679 597 1712 sin:
621 1679 654 1711 si
668 1680 705 1712 P.
783 1680 812 1712 8.
836 1691 904 1712 non
919 1680 976 1713 hoc
991 1681 1055 1712 loco
1072 1680 1170 1713 TEa·
1195 1683 1272 1711 ante
1287 1678 1371 1711 illud
1388 1679 1425 1710 P.
1503 1687 1534 1719 9.
1558 1679 1592 1710 in
1609 1679 1716 1711 causis

104 1728 207 1764 nepe
221 1719 299 1753 PE:
323 1721 488 1755 incausatr
510 1723 580 1755 iam
598 1728 690 1766 saepe
713 1724 763 1762 T;
786 1729 885 1756 antea
910 1735 948 1756 zn
971 1735 1080 1756 causzs
1103 1734 1172 1755 zam
1195 1725 1221 1755 δ.
1390 1731 1439 1754 12.
1465 1722 1506 1754 de
1529 1722 1594 1755 hoc
1616 1723 1718 1765 igitur

66 1762 69 1764 ’
106 1757 215 1798 latum
229 1769 278 1798 est
291 1774 356 1798 om.
372 1764 415 1798 Τ.
559 1766 612 1801 16.
636 1773 706 1800 tum
722 1779 783 1800 nos
798 1768 897 1802 TEa:
923 1773 962 1800 ut
977 1769 1014 1801 Ρ.
1034 1770 1127 1801 ‘.10rt
1143 1772 1217 1799 tum
1233 1771 1273 1799 ut
1286 1765 1362 1799 nos'
1379 1766 1570 1799 Lambinus.

0 1883 1 1894 ι
66 1892 80 1902 ,,
101 1890 103 1896 ⁴
153 1855 438 1909 &mma-t
462 1877 508 1900 sc.
523 1866 552 1900 si
566 1868 666 1911 optio
683 1868 762 1902 data
782 1874 879 1909 esset,

0 1938 2 1953 ‚
67 1915 70 1919 ”
106 1872 273 1953 elegisset.
319 1909 387 1943 For
401 1911 532 1954 optiost
543 1922 658 1954 power
676 1917 713 1945 to
734 1912 879 1950 choose,‘

0 1958 2 1969 ³
67 1971 90 1991 ς
107 1953 151 1988 es.
174 1954 254 1987 Div.
276 1953 312 1986 in
333 1953 459 1988 Caedi.
482 1965 524 1998 45
547 1956 711 1999 optionem
733 1957 879 1989 factums

57 1998 163 2051 ,9¹²2
177 1997 346 2041 uteligas.
364 1998 465 2032 Rosc.
485 1999 562 2031 Am.
584 2010 626 2041 30
649 2001 878 2034 conditionem

87 2041 229 2087 .-.μίκτο
238 2041 500 2095 femneutoptet,
508 2048 617 2076 utrum
631 2044 729 2076 malit
735 2046 878 2078 cervices

62 2128 67 2133 .
161 2085 275 2124 ,dm-e.
289 2097 334 2119 an
348 2086 476 2120 insutus
489 2088 524 2120 in
540 2087 693 2128 culleum,
707 2091 782 2130 &c.‚
794 2089 877 2121 with

58 2106 304 2173 'iandgrai’s
317 2136 406 2164 note.

56 2173 75 2212 ζ’.
110 2195 111 2198 =
150 2178 382 2208 munna.
407 2175 507 2218 ‘only
518 2175 619 2210 here
609 2186 641 2208 ιιι
656 2177 784 2215 Cicero,
799 2176 876 2208 who

57 2229 84 2262 2⁷:
106 2217 371 2254 ehewherenses
384 2220 561 2252 nonsemel
571 2220 631 2252 sed
641 2221 783 2262 saepius,
792 2222 877 2263 plus

63 2283 66 2285 ⁷
90 2274 92 2295 1
105 2268 212 2307 quam
225 2262 335 2301 umal,
351 2273 390 2296 or
402 2264 504 2300 semel
514 2268 548 2296 ct
561 2268 638 2306 saep
638 2265 710 2296 ius'
729 2264 859 2307 [Reid].

49 2321 51 2323 ·
150 2304 184 2339 6.
205 2308 404 2345 innisa-1·
425 2307 477 2340 for
498 2308 555 2340 the
578 2308 817 2341 identification
841 2308 881 2341 of

52 2382 54 2385 ,
81 2373 83 2377 .
107 2348 228 2394 capitis
246 2349 436 2384 demimatno
449 2351 532 2384 with
547 2351 604 2384 the
620 2351 735 2385 dea‘th—
724 2353 876 2394 —penalty

107 2404 164 2428 nee
180 2396 198 2435 Ξ
215 2402 235 2436 5
252 2404 288 2427 n.
334 2394 409 2428 The
423 2395 528 2428 verb
518 2406 547 2428 is
562 2407 583 2428 a
598 2396 743 2428 familiar
763 2407 826 2429 one
841 2397 875 2428 in

107 2437 179 2472 this
222 2439 440 2473 connection.
488 2439 531 2473 cf.
569 2440 626 2473 the
668 2441 797 2473 remark
842 2440 881 2472 of

41 2488 45 2494 ‘
107 2478 316 2521 Hortensius,
338 2482 440 2515 illum
457 2484 613 2526 plumbeo
637 2485 752 2527 gladio
775 2494 874 2527 tugu-

106 2526 219 2559 Iatum
249 2525 309 2567 iri,
340 2527 412 2560 Att.
436 2527 458 2560 i.
485 2527 535 2561 16.
567 2538 598 2561 2.
644 2529 676 2561 It
705 2528 876 2571 generally

43 2596 46 2597 ⁷
107 2568 172 2604 hes
199 2579 243 2603 an
272 2551 439 2604 in’vidious
469 2572 694 2612 connotation,
726 2583 753 2604 e.
767 2584 799 2615 g.
831 2572 875 2604 ad

43 2651 45 2655 ,
108 2613 256 2647 Here-nn.
271 2614 316 2647 ἰν.
333 2623 374 2656 51
392 2625 459 2648 uuo
480 2615 605 2649 iudicio
629 2616 729 2648 simul
746 2616 875 2648 multos

1 2665 6 2672 ·
42 2659 67 2691 ’.
106 2657 359 2705 ίιιριιῖαυιηῖιὶι,
385 2659 484 2692 Rosc.
506 2660 584 2692 Am.
613 2669 653 2702 29
681 2671 779 2702 quem
808 2660 874 2702 ipsi

57 2708 65 2715 '⁷
106 2710 176 2735 non
191 2707 368 2745 potuerunt
382 2703 541 2742 occidere,
554 2714 629 2736 eum
645 2704 874 2746 iugulandum

47 2749 50 2755 ²
107 2745 206 2780 vobis
214 2745 443 2786 tradiderunt3
465 2729 541 2780 that⁷
553 2747 644 2780 this·
635 2758 664 2780 rs
678 2754 738 2780 not
750 2748 874 2790 always

49 2802 54 2822 ·.
107 2799 148 2823 ιο
169 2790 199 2823 is
247 2789 361 2823 ointed
383 2795 443 2824 out
466 2791 511 2834 by
526 2792 665 2833 Colson,
684 2792 761 2824 who
783 2802 874 2824 com—

44 2858 46 2875 :
106 2843 207 2885 pares
255 2834 355 2866 uiuet.
375 2842 414 2876 51
434 2834 592 2878 iugulare
607 2837 713 2869 civem
736 2846 778 2868 ne
798 2835 875 2868 iure

51 2879 65 2895 '·
107 2877 243 2922 quidem
257 2878 433 2920 qnisquam
449 2879 554 2912 bonus
569 2879 650 2913 vult.

59 2952 62 2955 ,
82 2923 89 2959 j
152 2921 186 2956 8.
209 2930 311 2955 non.
359 2926 466 2956 ..ul-
489 2923 546 2956 the
557 2923 674 2957 order
665 2934 698 2956 in
710 2922 767 2957 the
778 2923 874 2956 other

47 2966 67 3005 {³
106 2964 360 3008 1188.an
387 2970 424 2999 to
454 2977 509 3000 me
540 2966 590 3000 sar
613 2978 705 3001 more
732 2967 873 3000 sorcible

950 1867 1031 1901 than
1046 1868 1118 1900 that
1135 1869 1168 1900 in
1185 1858 1220 1900 P.
1263 1867 1331 1899 For
1346 1866 1404 1899 the
1420 1866 1645 1899 construction
1661 1877 1715 1899 see

989 1921 1024 1944 ιι
1045 1923 1079 1944 n.

951 1916 968 1952 5
1072 1959 1259 1988 insidias:
1285 1955 1404 1987 Cicero
1428 1953 1617 1995 previously
1632 1954 1709 1986 mis-

947 2000 1072 2043 quoted
1100 1999 1161 2050 'the
1192 2010 1259 2031 sen.
1291 2009 1394 2037 cons„
1427 1998 1471 2039 by
1500 1999 1715 2040 substituting

947 2045 1064 2084 caedes,
1091 2055 1129 2075 m
1154 2054 1221 2086 qua
1242 2053 1301 2075 occ.
1326 2046 1375 2074 est
1399 2042 1450 2074 Cl.
1474 2042 1525 2073 sor
1548 2043 1587 2074 P.
1613 2042 1710 2073 Clodi

945 2089 1064 2120 caedes.
1126 2088 1181 2120 He
1204 2098 1279 2118 now
1303 2087 1425 2118 further
1451 2091 1595 2126 perverts
1619 2086 1644 2117 it
1668 2086 1713 2128 by

945 2131 1159 2173 substituting
1175 2131 1319 2163 insidiae
1334 2130 1384 2161 sor
1399 2129 1527 2161 caedes.

979 2185 1030 2216 15.
1042 2179 1210 2214 profecto
1222 2178 1343 2207 nuru:
1358 2175 1409 2206 ‘as
1421 2174 1438 2205 Ι
1448 2173 1531 2205 hold
1534 2171 1711 2215 ‚nothingff

945 2220 998 2253 Cf.
1018 2222 1034 2258 ς
1055 2230 1071 2251 2
1089 2230 1125 2252 n.

988 2269 1034 2296 ut
1048 2275 1119 2296 ne:
1147 2263 1206 2294 ‘ut
1228 2273 1270 2294 ne
1291 2262 1320 2294 is
1343 2271 1435 2293 more
1458 2270 1616 2293 sonorous
1631 2260 1711 2292 than

945 2308 1067 2340 neand
1083 2307 1144 2339 has
1156 2317 1197 2339 an
1211 2306 1342 2339 archaic
1355 2306 1438 2347 rIng
1471 2305 1523 2336 It
1517 2316 1543 2336 is
1556 2315 1710 2336 common

944 2352 979 2383 in
996 2352 1052 2384 the
1073 2351 1182 2384 comic
1202 2355 1308 2393 poets,
1326 2349 1390 2381 and
1407 2350 1554 2390 trequent
1571 2348 1604 2379 in
1625 2348 1711 2387 Cic„

943 2406 972 2428 e
984 2407 1017 2446 g.
1046 2396 1136 2427 Verr.
1162 2395 1197 2427 ii.
1227 2396 1287 2437 148
1313 2395 1338 2426 it
1366 2403 1482 2425 occurs
1506 2393 1579 2424 four
1601 2392 1708 2424 times.

944 2440 1020 2472 Itis
1037 2450 1108 2472 rare
1130 2439 1163 2471 in
1185 2438 1268 2471 later
1288 2437 1434 2476 authors,
1452 2447 1479 2468 e.
1491 2447 1525 2478 g.
1544 2435 1627 2477 Livy
1643 2435 1709 2467 and

943 2482 1103 2516 Tacitus'
1130 2482 1225 2525 [RH.
1258 2492 1290 2524 p.
1316 2480 1410 2522 472].
1457 2480 1648 2521 According
1674 2483 1709 2511 to

944 2527 1095 2569 Seyffert—
1083 2527 1233 2565 —Miiller‚
1246 2526 1336 2558 Lael.
1354 2536 1385 2567 p
1401 2533 1475 2565 305,
1490 2524 1515 2555 it
1528 2523 1639 2564 brings
1651 2528 1709 2555 out

943 2571 999 2604 the
1012 2571 1086 2603 idea
1100 2571 1138 2603 of
1150 2580 1304 2612 purpose,
1318 2569 1443 2610 design,
1457 2578 1548 2599 more
1561 2567 1709 2608 strongly

941 2615 1023 2647 than
1040 2625 1091 2647 ne.
1138 2614 1239 2650 Here,
1251 2624 1288 2646 as
1303 2614 1363 2645 Dr.
1379 2611 1466 2644 Reid
1479 2610 1633 2649 remarks,
1653 2611 1708 2642 the

944 2659 1055 2692 clause
1073 2660 1100 2690 is
1123 2669 1142 2690 a
1164 2657 1372 2690 consecutive
1388 2667 1460 2688 one.
1508 2654 1562 2687 Cf.
1580 2654 1618 2685 F
1610 2664 1654 2686 m
1672 2654 1706 2686 ii

946 2713 986 2743 24
1002 2714 1042 2735 ex
1057 2713 1123 2745 quo
1139 2701 1289 2740 efficitur,
1306 2711 1370 2732 non
1387 2703 1427 2731 ut
1442 2699 1594 2740 voluptas
1609 2707 1650 2730 ne
1665 2698 1709 2730 sit

942 2747 1108 2789 voluptas,
1128 2746 1194 2777 and
1211 2745 1296 2777 Reid
1313 2755 1367 2776 on
1371 2742 1456 2776 Sull.
1477 2750 1527 2784 27.

991 2791 1040 2823 16.
1066 2794 1121 2822 sit
1143 2793 1320 2827 impune:
1345 2788 1386 2820 cf.
1413 2787 1495 2819 Tac.
1513 2787 1600 2818 Ann.
1617 2785 1639 2818 i
1666 2792 1706 2827 72

943 2835 1033 2867 dicta
1050 2834 1188 2876 impune
1202 2837 1312 2865 erant.

985 2883 1070 2910 tum
1084 2887 1178 2909 non:
1201 2877 1267 2909 this
1283 2875 1419 2917 reading
1435 2874 1533 2907 looks
1553 2873 1707 2915 genuine

942 2933 980 2954 as
996 2932 1087 2954 more
1102 2920 1207 2971 likely
1221 2925 1257 2952 to
1279 2921 1319 2952 be
1341 2919 1423 2952 alter
1423 2919 1465 2952 ed
1487 2923 1522 2950 to
1543 2922 1583 2950 ut
1607 2917 1707 2959 [from

942 2971 982 2999 ut
997 2965 1054 3009 ne]
1071 2965 1151 2998 than
1168 2965 1238 2997 vice
1255 2958 1356 2996 ver'sa.
