1942 3236
319 198 402 257 136
890 198 934 241 A
941 197 1239 240 PPENDIX
1274 197 1356 240 IV.

314 315 482 356 tribunal
512 315 709 355 constituit
729 337 738 346 ·
759 322 801 355 ut
834 327 922 354 cum
957 315 1083 366 quiete
1122 327 1201 354 res>
1222 314 1480 353 diudicaretur
1502 335 1512 344 -
1531 313 1746 354 Notauerat
1777 321 1907 354 autem
1939 316 1942 343 f

314 388 468 420 senatus
501 393 583 420 rem
620 393 710 420 cum
747 380 960 432 pompeio·
983 387 1021 419 et
1055 379 1266 419 examinari
1298 379 1464 418 strictius
1500 377 1748 431 praeceperat
1767 400 1777 410 ·
1798 379 1908 432 quasi

1140 449 1153 465 s
1315 441 1323 464 l

314 478 447 511 contra
474 483 557 509 rem
585 471 778 521 publicam
806 472 965 510 cedibus
993 472 1190 510 commisis
1218 479 1256 510 et
1284 470 1500 520 concendio
1522 492 1530 501 ·
1551 475 1589 509 et
1617 470 1702 509 aliis
1728 469 1907 510 facinori-

313 565 386 601 bus
406 592 414 601 .
438 562 542 614 quod
562 540 755 615 cla-udiani
772 574 843 612 pro
861 561 1095 612 praeiudicio
1114 567 1151 600 et
1170 574 1240 612 pro
1259 573 1330 600 suo
1349 560 1490 599 auxilio
1509 560 1758 599 uindicabant
1772 581 1781 591 ·
1798 561 1906 611 quasi

276 644 294 675 5
314 629 391 667 iam
431 629 518 667 data
560 628 750 667 sententia
786 634 887 666 esset
919 634 1053 666 contra
1090 627 1274 666 milonem
1297 648 1306 658 ·
1327 633 1368 665 ut
1405 639 1487 665 non
1523 627 1643 676 possit
1679 627 1787 666 locus
1823 638 1907 665 esse

315 694 556 732 excusationi
578 714 586 724 ·
607 705 679 744 pro
709 705 789 744 quo
810 710 818 719 ·
840 692 898 731 M.
925 692 1051 731 cicero
1084 692 1215 731 dicens
1236 713 1245 723 ·
1267 693 1436 743 primum
1467 691 1600 730 refellit
1634 693 1766 731 omnia
1797 704 1907 743 prae-

314 785 454 824 iudicia
474 806 483 816 ·
504 792 541 824 et
569 785 735 824 ostendit
757 758 981 834 insidiagum
1010 785 1195 824 milonem
1221 797 1266 824 ac
1289 785 1395 825 lodio
1415 807 1424 818 ·
1445 793 1482 826 et
1507 785 1643 824 cedem
1665 785 1746 824 iure
1765 785 1906 825 factam

314 890 335 914 a
356 878 474 915 servis
496 855 683 925 milomffii,
706 884 840 916 contra
869 889 960 916 eum
981 898 990 907 ·
1011 877 1077 928 qui
1096 877 1200 927 prior
1221 877 1378 916 insidias
1407 852 1609 918 tetendisset
1629 899 1638 908 ·
1659 877 1906 917 nihilominus

313 949 443 981 tamen
480 943 685 981 manifesta
719 943 860 981 caedes
896 942 1090 981 uindicata
1115 962 1124 972 ·
1152 941 1256 981 Nam
1290 943 1330 980 in
1368 943 1524 982 exilium
1556 943 1696 982 missus
1725 949 1782 982 est
1813 943 1907 982 milo

256 1051 295 1073 10
313 1034 500 1073 sententia
519 1034 688 1073 iudicum
710 1056 718 1065 ·
739 1035 778 1072 in
798 1006 947 1073 tomeas
966 1034 1123 1085 sythiae.

357 1165 385 1196 3.
412 1167 441 1187 -s
463 1167 533 1198 sup.
557 1156 580 1189 1.
604 1167 650 1189 tn.
676 1167 713 1190 2:
747 1157 956 1189 commisisset
978 1157 1016 1189 E.
1064 1158 1213 1189 incendio
1237 1159 1275 1190 E.
1299 1168 1329 1198 4.
1350 1169 1394 1191 —0-
1417 1170 1491 1202 sup.
1513 1159 1534 1191 1.
1559 1170 1603 1191 m.
1629 1169 1668 1192 2:
1698 1159 1845 1192 clodioni
1866 1160 1905 1192 E.

312 1207 341 1239 5.
367 1200 531 1231 sentencia
548 1200 587 1239 E,
602 1201 649 1232 ita
665 1201 689 1232 l.
708 1210 756 1233 10.
960 1207 990 1242 7.
1015 1205 1044 1232 —t
1058 1211 1128 1242 sup.
1147 1201 1169 1232 1.
1187 1212 1231 1233 m.
1250 1212 1277 1239 2,
1293 1202 1494 1234 insidiatum
1510 1203 1549 1236 E.
1606 1213 1628 1234 a
1643 1203 1742 1235 clodio
1757 1214 1800 1235 m.
1818 1212 1849 1242 2,
1867 1203 1905 1235 E.

312 1243 344 1274 8.
366 1243 409 1274 -z's
431 1253 500 1285 sup.
527 1243 549 1275 1.
577 1254 619 1275 m.
649 1253 686 1276 2:
719 1244 854 1275 milonis
877 1244 914 1276 E.
973 1249 1002 1276 te
1023 1255 1092 1286 sup.
1117 1244 1140 1277 1.
1162 1255 1205 1277 m.
1236 1255 1273 1278 2:
1303 1246 1487 1278 tetendisset
1508 1247 1547 1279 E.
1603 1246 1843 1286 nichilominus
1865 1247 1902 1279 Ε.

314 1294 366 1317 10.
390 1286 425 1317 -lz
442 1296 512 1328 sup.
531 1286 556 1318 1.
573 1297 616 1319 m.
635 1296 671 1318 22
695 1288 837 1320 thomeas
853 1288 890 1320 E.
