1942 3236
541 214 674 257 PRO
720 215 763 257 T.
805 215 1018 259 ANNIO
1056 217 1322 259 MILONE.
1677 215 1735 273 67

127 330 413 388 Quamquam
439 330 550 374 haec
577 331 759 386 quidem
789 332 876 374 iam
899 332 1146 376 tolerabilia
1167 335 1431 378 videbantur
1453 333 1551 392 (etsi
1573 349 1733 390 aequa·
1752 344 1821 387 28

19 447 34 462 ΑΔ
126 401 275 446 biliter
293 401 339 444 in
358 415 454 444 rem
475 400 700 456 publicam
723 401 767 443 in
796 402 1001 456 privatos,
1023 403 1067 445 in
1099 404 1362 460 longinquos
1384 405 1427 446 in
1449 405 1733 459 propinquos,
1752 401 1800 433 ⁷⁶

20 484 37 525 g
128 470 173 515 in
211 470 380 514 alienos
419 470 464 512 in
503 484 608 513 suos
650 468 874 528 irruebat),
908 472 987 514 sed
1029 473 1173 515 nescio
1214 487 1304 527 quo
1345 475 1481 516 modo
1524 488 1604 515 usu
1647 474 1734 514 iam

28 536 34 547 ”
128 541 397 584 obduruerat
428 546 473 583 et
500 539 791 595 percalluerat
824 541 1014 584 civitatis
1046 542 1311 585 incredibilis
1347 543 1589 598 patientia3
1622 556 1736 596 quae

88 621 109 656 5
128 623 233 654 vero
262 609 448 653 aderant
472 609 561 652 iam
595 615 640 652 et
671 609 1000 665 impendebant,
1022 625 1217 666 quonam
1252 613 1385 654 modo
1414 626 1467 654 ea
1487 618 1563 654 aut
1585 611 1736 666 depel-

8 739 23 742 Ν
129 678 218 723 lere
256 679 512 734 potuissetis
551 685 631 722 aut
671 679 812 722 serre?
894 680 1136 735 Imperium
1177 680 1250 723 ille
1291 682 1327 723 si
1371 688 1524 723 nactus
1565 688 1739 723 esset—

127 749 289 793 omitto
330 748 487 798 socios,
518 754 696 791 exteras
738 749 951 799 nationes,
994 764 1130 806 reges,
1161 750 1430 803 tetrarchas;
1470 756 1576 792 vota
1620 750 1737 792 enim

7 822 46 883 ff}
84 871 87 873 Α
128 818 344 871 faceretis,
364 825 415 862 ut
435 818 479 860 in
500 831 578 861 eos
599 832 646 860 se
667 819 817 873 potius
845 819 1105 862 immitteret
1133 834 1268 874 quam
1298 820 1341 861 in
1372 827 1539 862 vestras
1560 833 1736 874 posses-

34 887 44 895 *
127 889 286 941 aiones,
315 895 461 932 vestra
489 893 622 938 tecta,
651 895 819 931 vestras
851 889 1083 943 pecunias3
1116 889 1323 944 pecunias
1355 889 1488 931 dico?
1520 903 1546 931 a
1575 889 1736 938 liberis,

13 950 33 972 ’ἶ
71 972 114 997 10
129 972 204 1002 me
223 958 336 1001 Dius
357 957 523 1007 Fidius,
546 964 591 1000 et
610 971 637 1000 a
657 958 919 1014 coniugibus
946 959 1103 1001 vestris
1132 972 1373 1014 numquam
1404 958 1477 1000 ille
1505 957 1738 1000 effrenatas

128 1041 232 1073 suas
251 1027 456 1070 libidines
475 1026 758 1070 cohibuisset.
819 1029 857 1069 F
860 1028 948 1083 ingi
971 1029 1140 1087 putatis
1162 1028 1281 1079 haec,
1304 1042 1418 1083 quae
1439 1034 1604 1083 patent,
1626 1042 1739 1082 quae

129 1103 238 1142 nota
265 1102 370 1140 sunt
399 1097 619 1149 omnibus,
640 1110 754 1153 quae
783 1103 1001 1146 tenentur,
1027 1112 1254 1140 servorum
1286 1098 1508 1140 exercitus
1541 1096 1663 1139 illum
1696 1098 1739 1138 in

105 1250 108 1251 ⁷
177 1221 206 1246 1.
227 1212 318 1246 itm:
341 1217 412 1245 tam
429 1211 476 1244 H.
700 1220 728 1252 3.
757 1222 817 1243 usu
840 1211 906 1243 iam
932 1211 988 1244 H:
1014 1212 1084 1244 iam
1107 1222 1170 1244 usu
1195 1211 1262 1250 Τδ;
1287 1222 1351 1244 om.
1370 1211 1437 1243 iam
1462 1212 1501 1250 E,
1521 1211 1606 1244 ‘fort
1632 1209 1738 1243 recte’

129 1256 233 1290 Nohl.
389 1257 419 1289 8.
445 1256 626 1288 inmitteret
641 1255 710 1287 HE
724 1267 731 1287 :
757 1255 902 1287 mitteret
916 1256 975 1288 Τδ.
1156 1265 1188 1298 9.
1212 1260 1337 1288 vestras
1346 1256 1518 1298 pecunias,
1534 1260 1642 1287 vestra
1659 1259 1740 1286 lecta

128 1300 218 1334 TW.
338 1300 516 1344 pecunias:
539 1300 696 1342 pecunias
711 1300 780 1332 Hs:
797 1300 962 1342 pecunias
977 1299 1095 1340 ΤΕσχ.
1221 1310 1241 1332 a
1255 1310 1318 1332 om.
1337 1300 1385 1332 H.
1565 1308 1614 1331 11.
1630 1299 1743 1340 fungi

32 1343 34 1345 ’
80 1374 87 1379 .
120 1343 258 1390 putatis
270 1344 360 1385 llaec,
375 1354 460 1388 quae
466 1348 643 1387 patentur,
659 1343 737 1376 haec
754 1343 801 1376 H.

130 1447 203 1483 eet-¹
261 1447 335 1482 The
363 1449 486 1491 charge
521 1448 620 1481 made
649 1448 695 1489 by
725 1447 844 1480 Cicero
874 1448 903 1479 is

130 1493 314 1527 nomewhat
342 1503 461 1535 vague.
522 1491 732 1535 Apparently
762 1492 904 1524 Clodius

130 1537 306 1571 iuterfered
334 1537 418 1570 with
446 1546 486 1569 or
509 1536 619 1569 added
645 1540 681 1568 to
708 1536 763 1568 the
786 1536 904 1578 pan‘es

133 1581 280 1615 between
295 1580 387 1614 them
396 1580 539 1613 without
553 1580 607 1612 his
619 1578 740 1612 sister's
752 1584 902 1618 consent3

130 1625 175 1659 cf.
205 1624 296 1668 Top.
328 1633 368 1657 υ
399 1624 554 1658 omnibus
585 1628 634 1656 est
665 1623 716 1656 ius
744 1624 904 1666 parietem

131 1668 294 1703 directum
307 1669 352 1702 ad
373 1669 533 1712 parietem
556 1678 766 1700 communem
788 1668 904 1707 adiun-

131 1723 220 1757 gere,
237 1713 319 1756 Dig.
333 1713 404 1746 viii.
423 1722 453 1745 2.
465 1714 484 1746 8
498 1713 658 1756 parietem
674 1736 682 1744 .
702 1736 710 1744 .
728 1736 737 1744 .
753 1711 904 1744 alterutri

132 1756 316 1791 vicinorum
325 1756 528 1790 demoliendi
542 1760 576 1789 et
587 1756 755 1789 reficiendi
771 1756 822 1788 ius
837 1766 904 1788 non

175 1847 345 1879 mo:
383 1845 402 1878 1
431 1844 509 1878 take
539 1844 606 1877 this
634 1848 670 1876 to
700 1854 797 1876 mean
831 1842 906 1875 that

132 1887 176 1922 he
197 1889 372 1922 interfered
392 1888 475 1922 with
496 1888 558 1921 her
581 1887 725 1930 ‘lights.’
771 1887 908 1920 Similar

133 1932 316 1966 behaviour
351 1933 382 1966 is
417 1932 596 1966 attributed
626 1937 664 1965 to
694 1931 835 1965 Clodius
872 1931 906 1962 in

132 1976 269 2020 dealing
288 1976 372 2010 with
400 1977 539 2010 another
566 1976 752 2019 neighbour
779 1975 818 2008 of
842 1975 906 2013 his,

135 2020 179 2064 Q.
193 2020 300 2062 Seius,
321 2022 426 2054 Dom.
446 2029 518 2062 115,
536 2031 557 2053 a
573 2021 614 2063 Q.
629 2020 708 2053 Seio
724 2019 904 2059 contendit,

133 2070 171 2099 ut
176 2064 241 2099 sibi
251 2065 390 2098 domum
397 2065 560 2101 venderet.
570 2075 646 2097 cum
658 2063 716 2095 ille
727 2063 761 2095 id
774 2067 908 2105 negaret

133 2109 244 2153 primo
258 2119 294 2142 se
304 2109 494 2142 luminibus
501 2109 575 2141 eius
589 2118 652 2141 esse
660 2108 907 2140 obstructurum

134 2153 332 2187 minabatur.
376 2153 444 2186 For
473 2153 589 2185 lumen
615 2152 649 2184 in
673 2152 730 2184 the
759 2152 844 2194 sing.
873 2151 906 2182 in

134 2196 204 2230 this
223 2207 317 2230 sense
332 2195 373 2230 cf.
389 2197 470 2240 Dig.
485 2196 556 2229 viii.
574 2205 605 2229 2.
624 2204 662 2238 15
685 2196 713 2228 si
736 2196 839 2227 modo
861 2195 908 2227 sic

135 2240 238 2275 faciat
266 2245 304 2274 ut
333 2240 466 2273 lumini
492 2245 623 2280 noceat,
656 2246 695 2280 17
721 2249 809 2271 nunc
839 2249 906 2270 non

135 2284 316 2318 luminibus
339 2284 453 2325 officit,
478 2283 536 2317 sed
558 2283 634 2327 plus
657 2294 764 2327 aequo
791 2284 906 2315 lumen

137 2328 226 2369 feeit,
246 2337 287 2360 10
301 2328 348 2361 ita
364 2328 493 2361 officere
512 2327 694 2360 luminibus
708 2353 716 2360 .
735 2351 744 2360 .
763 2352 771 2360 .
787 2332 824 2360 ut
839 2337 905 2358 non

137 2373 270 2416 penitus
291 2373 407 2405 lumen
429 2371 628 2411 recludatur,
652 2371 781 2404 Vitruv.
805 2371 849 2403 vi.
874 2380 904 2412 9.

137 2417 159 2451 ⁶
183 2417 220 2450 iu
245 2426 287 2450 eo
319 2416 397 2449 loco
419 2417 536 2448 lumen
569 2416 631 2448 erit
662 2416 731 2448 sine
765 2414 905 2457 impedi-

137 2460 238 2494 tione.
286 2459 360 2494 The
380 2460 509 2492 variant
524 2459 645 2492 limine
659 2460 688 2492 is
704 2459 782 2492 read
798 2460 841 2499 by
859 2458 906 2490 all

137 2504 270 2541 editors,
282 2504 360 2536 who
375 2507 478 2547 quote
487 2503 539 2536 for
551 2504 577 2535 it
587 2503 721 2536 Caecin.
740 2512 780 2544 35
797 2503 824 2534 si
839 2512 906 2534 non

137 2548 242 2582 modo
256 2547 377 2580 limine
387 2552 539 2590 tectoque
548 2547 681 2579 aedium
694 2551 836 2586 tuamm,
849 2546 907 2578 sed

137 2593 248 2636 prium
277 2591 376 2624 aditu
406 2591 630 2634 vestibuloque
663 2591 905 2634 prohibuerint,

134 2635 246 2670 which
273 2635 304 2668 is
327 2641 387 2668 not
411 2634 516 2677 really
537 2634 688 2678 parallel,
712 2635 802 2667 since
825 2635 863 2666 in
884 2633 910 2666 it

138 2679 243 2713 limen
266 2679 296 2712 is
324 2683 386 2712 not
415 2678 559 2722 coupled
585 2679 669 2712 with
695 2679 821 2715 aditus,
848 2678 908 2710 but

137 2722 326 2757 contrasted
341 2722 424 2755 with
439 2723 477 2755 it.
523 2722 598 2755 The
622 2733 742 2766 proper
761 2721 859 2754 order
881 2722 910 2753 is

138 2767 254 2808 limen,
270 2766 483 2806 vestibulum,
496 2765 611 2799 aditus
627 2767 691 2810 [sc.
709 2777 730 2798 a
745 2766 835 2808 via],
851 2765 909 2797 the

135 2815 204 2845 two
225 2810 325 2844 latter
347 2816 448 2844 terms
471 2810 570 2852 being
591 2810 798 2852 continually
821 2820 910 2842 com-

137 2854 250 2895 bined,
266 2865 294 2888 e.
309 2865 342 2896 g.
360 2855 455 2887 Verr.
477 2854 513 2887 ii.
540 2853 602 2886 160
624 2855 659 2886 in
679 2854 790 2897 primo
811 2853 910 2885 aditu

139 2898 377 2942 vestibuloque,
393 2899 434 2930 de
449 2898 542 2931 Orat.
559 2898 593 2930 ii.
611 2907 676 2938 320
692 2897 831 2930 aedibus
847 2921 855 2929 .
874 2920 882 2927 .
899 2921 908 2929 .

138 2942 302 2976 vestibula
321 2946 353 2975 et
370 2941 486 2974 aditus
500 2952 710 2985 praeponere,
727 2941 852 2974 Orator
868 2949 910 2981 50

138 2986 302 3020 vertibula
331 3011 341 3020 .
379 3009 389 3018 .
420 3010 430 3020 .
467 2985 646 3029 aditusque
683 2985 727 3018 ad
764 2994 908 3018 causam.

971 1448 988 1480 I
1018 1448 1102 1481 have
1128 1454 1199 1489 not,
1222 1449 1386 1489 however,
1412 1449 1513 1480 found
1537 1448 1649 1479 aditus
1675 1447 1741 1480 aud

969 1493 1074 1525 limen
1090 1493 1243 1536 coupled.

1017 1546 1047 1568 2.
1069 1541 1320 1575 propinquos:
1345 1535 1444 1568 ‘here
1465 1535 1663 1568 substituted
1691 1535 1741 1567 for

970 1580 1097 1612 vicinos
1121 1580 1171 1613 sor
1194 1581 1248 1612 the
1272 1581 1352 1613 sake
1373 1579 1485 1612 of·the
1509 1579 1683 1620 similarity
1706 1579 1745 1611 of

970 1624 1026 1656 the
1049 1625 1155 1656 sound
1180 1630 1216 1656 to
1239 1625 1312 1657 that
1335 1624 1374 1656 of
1396 1624 1603 1666 longinquos.
1649 1622 1740 1655 Else-

970 1668 1078 1700 where
1102 1669 1292 1711 propinqui
1320 1668 1444 1700 almost
1473 1668 1598 1708 always
1627 1677 1742 1698 means

970 1714 992 1730 ‘⁴
1005 1712 1164 1744 relations
1175 1711 1194 1725 '⁹
1205 1711 1214 1726 '
1233 1712 1364 1754 [Reid]

1016 1766 1048 1797 4.
1070 1760 1341 1794 pez-omnent:
1381 1755 1437 1787 the
1472 1755 1551 1797 only
1580 1754 1741 1787 reference

972 1800 1069 1842 given
1085 1800 1135 1832 sor
1149 1800 1205 1832 the
1220 1800 1311 1832 word
1328 1800 1361 1831 in
1377 1800 1442 1832 this
1453 1810 1554 1838 sense,
1568 1799 1742 1831 elsewhere

973 1845 998 1875 it
1007 1858 1036 1870 ==
1047 1843 1161 1876 ‘know
1173 1842 1407 1886 thoroughly':
1424 1843 1620 1876 occalluerat
1629 1841 1742 1873 would

972 1887 1048 1929 give
1071 1899 1091 1920 a
1114 1888 1311 1920 Ciceronian
1334 1898 1511 1919 assonance
1535 1886 1614 1918 with
1634 1886 1743 1917 obdur.

974 1932 1027 1964 Cf.
1043 1931 1115 1963 Att.
1131 1932 1166 1963 ii.
1187 1932 1236 1963 18.
1249 1942 1271 1973 4
1285 1933 1353 1964 iam
1369 1941 1503 1974 prorsus
1519 1930 1667 1962 occallui.

1020 1982 1050 2017 7.
1076 1981 1228 2008 exteras
1242 1986 1248 2008 :
1275 1975 1333 2008 the
1348 1975 1508 2016 adjective
1525 1975 1551 2005 is
1567 1974 1646 2015 only
1662 1972 1742 2004 used

973 2019 1007 2051 in
1035 2021 1229 2052 connection
1253 2020 1332 2052 with
1358 2023 1471 2061 gentes
1501 2018 1565 2050 and
1591 2018 1741 2049 nationes

974 2063 1007 2095 in
1024 2063 1079 2096 the
1095 2064 1260 2106 speeches.

1017 2111 1253 2140 tetrarchas:
1287 2107 1479 2145 Deiotarus,
1497 2105 1573 2138 who
1595 2115 1662 2136 was
1687 2104 1743 2136 de-

973 2151 1104 2194 spoiled
1127 2151 1160 2183 in
1181 2151 1297 2183 favour
1321 2151 1358 2183 of
1379 2151 1581 2192 Brogitarus,
1605 2153 1620 2187 ξ
1639 2155 1679 2190 73
1697 2159 1742 2187 n.,

973 2205 1042 2227 was
1058 2195 1201 2227 tetrareh
1218 2195 1256 2227 of
1268 2195 1415 2227 Galatia.

1018 2248 1049 2281 9.
1072 2242 1269 2276 pecunias:
1287 2239 1434 2280 pecunia
1457 2237 1586 2279 strictly
1608 2235 1743 2268 denotes

973 2282 1031 2315 the
1046 2282 1155 2315 whole
1178 2288 1294 2321 estate,
1310 2282 1371 2314 i.e.
1385 2282 1531 2324 familia
1554 2292 1590 2313 as
1612 2279 1687 2310 well
1707 2290 1743 2311 as

973 2338 1104 2368 money,
1120 2337 1230 2358 omnes
1251 2336 1301 2358 res
1315 2330 1385 2358 tam
1401 2325 1465 2358 soli
1478 2336 1579 2368 quam
1602 2323 1742 2362 mobiles,

973 2375 1005 2403 et
1031 2375 1100 2402 tam
1124 2375 1257 2412 corpora
1282 2380 1384 2412 quam
1412 2370 1493 2401 iura
1520 2370 1600 2410 Dig.
1623 2367 1662 2398 L.
1691 2366 1742 2398 16.

977 2424 1058 2452 222;
1096 2415 1295 2453 sometimes
1322 2413 1483 2452 however,
1513 2413 1539 2446 it
1568 2413 1596 2444 is
1628 2410 1743 2443 distin-

973 2458 1113 2500 guished
1124 2458 1208 2490 from
1222 2458 1276 2490 the
1276 2457 1434 2499 familia,
1449 2467 1478 2489 e.
1487 2468 1520 2498 g.
1537 2457 1579 2488 ad
1598 2457 1742 2487 Herenn.

973 2503 996 2533 i.
1029 2511 1068 2542 23
1100 2501 1148 2534 uti
1179 2511 1277 2543 super
1294 2501 1442 2543 familia
1464 2501 1651 2543 pecuniave
1685 2510 1743 2531 sua

973 2546 1145 2587 legaverit.
1190 2545 1235 2577 So
1256 2545 1332 2577 here
1355 2545 1381 2577 it
1405 2545 1432 2576 is
1454 2544 1641 2576 contrasted
1664 2542 1743 2575 with

974 2590 1031 2621 the
1048 2589 1148 2621 liberi
1161 2589 1226 2620 and
1241 2589 1393 2630 coniuges
1410 2587 1544 2630 [Wirz].

1022 2642 1073 2664 10.
1096 2636 1320 2665 effrenatas:
1345 2633 1387 2664 cf.
1406 2636 1420 2670 ξ
1441 2641 1481 2672 53
1498 2642 1534 2663 n.

1022 2686 1073 2708 11.
1089 2680 1319 2715 honestum.
1337 2699 1345 2708 .
1363 2699 1371 2707 .
1387 2686 1480 2713 quae
1497 2699 1504 2707 .
1523 2699 1530 2707 .
1548 2699 1555 2706 .
1572 2685 1684 2713 quae:
1701 2673 1743 2706 cf.

976 2721 1162 2762 Madv.Ep.
1175 2720 1232 2752 Cr.
1244 2730 1277 2762 p.
1287 2721 1329 2762 48
1345 2723 1352 2736 ‘
1362 2720 1396 2751 in
1410 2720 1613 2761 pronominis
1626 2718 1743 2760 repeti-

978 2766 1068 2797 tione
1091 2764 1158 2796 duo
1184 2769 1330 2797 extrema
1356 2763 1504 2795 membra
1531 2762 1620 2795 nude
1642 2762 1743 2794 adiici

977 2812 1132 2852 possunt:
1155 2817 1257 2839 unum
1274 2817 1340 2839 non
1356 2805 1461 2839 solet.’

1027 2861 1075 2883 12.
1107 2861 1307 2883 nervorum
1331 2854 1543 2883 exer-ortuo:
1580 2849 1645 2881 this
1669 2859 1746 2890 may

977 2895 1061 2928 refer
1076 2900 1111 2927 to
1127 2894 1305 2933 freedmen,
1322 2894 1364 2927 cf.
1383 2898 1398 2933 ξ
1416 2894 1456 2935 87
1481 2893 1547 2924 and
1565 2894 1687 2925 Ascon.
1702 2892 1745 2924 ad

978 2940 1055 2979 loc„
1068 2949 1104 2971 or
1116 2938 1183 2971 else
1198 2939 1239 2970 be
1251 2939 1350 2970 taken
1363 2937 1518 2979 literally.
1558 2937 1745 2968 Elsewhere

979 2984 1020 3016 he
1051 2983 1224 3015 attributes
1251 2982 1474 3015 conservative
1509 2980 1657 3012 instincts
1687 2985 1747 3012 not

910 3048 987 3083 1⁴³2
