1942 3236
277 209 358 239 102
912 191 1232 236 ASCONIUS

208 324 256 354 38
275 313 489 355 Milonem
523 311 638 353 intra
672 310 866 353 tunicam
893 307 898 365 Ι
927 308 1088 351 habere
1122 309 1178 350 ad
1214 308 1356 350 femur
1388 307 1616 363 alligatum
1657 307 1858 358 dixerat;

275 381 571 436 postulaverat
593 385 641 421 ut
662 379 801 421 femur
821 379 1021 429 nudaret,
1038 384 1082 419 et
1103 377 1175 418 ille
1197 377 1288 419 sine
1310 391 1433 419 mora
1454 377 1647 419 tunicam
1669 376 1858 442 levarat:

274 457 369 492 tum
405 450 466 490 M.
503 448 655 491 Cicero
691 447 1018 489 exclamaverat
1052 446 1200 487 omnia
1242 445 1306 487 illi
1345 446 1505 488 similia
1545 445 1726 488 crimina
1765 457 1862 487 esse

276 533 388 573 quae
418 518 461 559 in
493 517 707 558 Milonem
739 516 985 557 dicerentur
1014 514 1112 556 alia.

334 587 507 628 Deinde
532 585 643 639 (T.)
669 585 894 626 Munatius
917 583 1103 624 Plancus
1131 583 1331 625 tribunus
1359 582 1500 638 plebis
1523 582 1798 637 produxerat
1818 583 1860 624 in
1879 593 1897 625 5

276 656 522 698 contionem
546 654 609 694 M.
632 653 875 694 Aemilium
899 651 1211 704 Philemonem,
1228 658 1382 694 notum
1403 650 1861 702 hominem,1ibertum

277 725 339 765 M.
366 723 534 777 Lepidi,
559 721 689 776 (qui)
723 736 770 763 se
800 722 976 763 dicebat
1007 721 1255 775 pariterque
1286 734 1432 762 secum
1464 725 1672 774 quattuor
1700 719 1862 762 liberos

276 793 476 834 homines
504 792 584 833 iter
609 790 817 832 facientes
848 790 1158 843 supervenisse,
1180 802 1280 830 cum
1308 788 1489 831 Clodius
1517 789 1799 838 occideretur,
1820 794 1864 830 et

277 863 334 903 ob
357 861 400 902 id
423 874 521 902 cum
545 860 902 915 proclamassent,
919 859 1125 912 abreptos
1145 864 1190 899 et
1206 858 1440 912 perductos
1457 857 1500 899 in
1517 856 1666 899 villam
1685 856 1864 899 Milonis

277 943 354 983 per
375 930 487 971 duos
509 942 680 970 menses
702 927 951 982 praeclusos
972 927 1129 978 fuisse3
1162 940 1300 980 eaque
1329 940 1396 967 res
1424 940 1499 968 seu
1519 940 1622 968 vera
1648 939 1723 968 seu
1755 925 1864 967 salsa

278 1011 482 1052 magnam
523 997 731 1038 invidiam
766 996 920 1036 Miloni
961 1002 1255 1037 contraxerat.
1317 994 1520 1049 Itemque
1554 995 1780 1036 Munatius
1819 1000 1865 1036 et

279 1067 513 1120 Pompeius
536 1065 697 1108 tribuni
726 1064 866 1119 plebis
891 1065 935 1105 in
962 1070 1101 1106 rostra
1126 1064 1428 1118 produxerant
1452 1064 1725 1105 triumvirum
1746 1063 1864 1118 capi-

277 1136 413 1178 talem
461 1147 650 1188 eumque
690 1134 1076 1186 interrogaverant,
1116 1146 1172 1174 an
1221 1132 1427 1174 Galatam
1469 1132 1648 1174 Milonis
1691 1145 1864 1174 servum

278 1204 433 1246 caedes
467 1203 699 1244 facientem
735 1201 1104 1256 deprehendisset.
1169 1201 1250 1242 Ille
1286 1201 1578 1244 dormientem
1608 1201 1654 1243 in
1681 1201 1867 1243 taberna

279 1286 359 1326 pro
389 1272 571 1325 fugitivo
602 1271 864 1325 prehensum
897 1276 940 1311 et
977 1271 1033 1311 ad
1071 1284 1118 1312 se
1153 1269 1415 1324 perductum
1446 1283 1543 1311 esse
1573 1269 1866 1325 responderat.

282 1340 664 1382 Denuntiaverant
701 1346 852 1381 tamen
891 1339 1133 1389 triumviro,
1172 1352 1226 1380 ne
1263 1351 1437 1380 servum
1481 1338 1750 1380 remitteret:
1789 1338 1867 1380 sed

279 1414 455 1463 postera
484 1409 557 1449 die
588 1407 763 1450 Caelius
793 1407 994 1449 tribunus
1025 1406 1165 1462 plebis
1197 1414 1240 1449 et
1266 1407 1377 1462 (Q.)
1404 1407 1614 1449 Manilius
1645 1406 1868 1449 Cumanus

280 1477 448 1532 collega
480 1477 571 1518 eius
612 1483 809 1530 ereptum
845 1489 870 1517 e
905 1476 1040 1518 domo
1071 1476 1286 1518 triumviri
1319 1489 1492 1517 servum
1529 1475 1688 1518 Miloni
1723 1476 1868 1518 reddi-

281 1547 446 1587 derant.
510 1545 646 1593 Haec,
678 1545 760 1586 etsi
793 1544 958 1586 nullam
991 1544 1046 1586 de
1079 1544 1146 1586 his
1178 1545 1430 1587 criminibus
1463 1545 1732 1586 mentionem
1766 1543 1867 1587 fecit

283 1614 446 1665 Cicero,
471 1620 620 1655 tamen
652 1614 754 1667 quia
786 1614 847 1655 ita
877 1627 1191 1667 compereram,
1222 1613 1372 1668 putavi
1404 1613 1684 1667 exponenda.
1747 1612 1868 1655 Inter

281 1676 443 1736 primos
472 1688 515 1723 et
544 1681 598 1736 Q.
623 1681 856 1734 Pompeius
888 1688 932 1723 et
960 1680 1006 1723 C.
1030 1681 1265 1724 Sallustius
1291 1687 1336 1723 et
1359 1681 1412 1723 T.
1435 1681 1662 1724 Munatius
1684 1681 1869 1724 Plancus

281 1751 446 1793 tribuni
467 1750 608 1804 plebis
630 1750 950 1791 inimicissimas
981 1750 1208 1791 contiones
1238 1751 1294 1792 de
1317 1750 1483 1791 Milone
1503 1750 1739 1801 habebant,
1761 1749 1869 1791 invi-

282 1820 429 1861 diosas
450 1819 583 1861 etiam
606 1819 662 1859 de
681 1818 900 1866 Cicerone,
920 1819 1039 1872 quod
1057 1819 1267 1860 Milonem
1290 1824 1415 1860 tanto
1436 1819 1583 1860 studio
1603 1818 1870 1861 defenderet.

285 1888 482 1942 Eratque
517 1887 712 1929 maxima
743 1901 844 1941 pars
878 1887 1168 1929 multitudinis
1193 1884 1383 1944 [populi]
1413 1886 1582 1929 insensa
1610 1900 1698 1928 non
1727 1887 1870 1929 solum

217 1969 264 1999 39
286 1955 292 2010 l
314 1956 483 2007 Miloni,
500 1957 576 1997 sed
598 1956 730 1997 etiarn
748 1962 930 2009 propter
943 1956 1129 1997 invisum
1143 1956 1434 2010 patrocinium
1453 1955 1660 1997 Ciceroni.
1713 1955 1871 1998 Postea

234 2013 236 2015 ’
286 2025 522 2078 Pompeius
544 2030 588 2066 et
611 2023 843 2066 Sallustius
874 2025 917 2064 in
948 2024 1195 2079 suspicione
1222 2024 1394 2065 fuerunt
1421 2024 1584 2066 redisse
1613 2024 1657 2065 in
1684 2024 1872 2078 gratiam

1885 941 1924 964 10

1888 1628 1929 1651 20

1890 1967 1928 2000 25

363 2141 394 2173 9.
417 2130 589 2172 perductos
610 2131 642 2162 in
658 2131 771 2163 villam
795 2131 933 2163 Milonis
954 2141 1012 2172 per
1034 2131 1117 2162 duos
1139 2141 1277 2170 menses,
1300 2135 1378 2163 vett.
1397 2130 1491 2164 edd.:
1516 2129 1718 2173 [perductos]
1733 2134 1800 2174 per

812 2174 892 2206 duos
907 2184 1027 2206 menses
1042 2174 1080 2205 in
1095 2175 1180 2206 villa
1191 2174 1344 2206 Milonis.

284 2267 340 2299 the
364 2267 403 2299 L.
428 2266 624 2298 Cornificius
646 2266 721 2298 who
745 2267 882 2299 aceused
906 2266 992 2298 Milo
1015 2267 1049 2298 in

284 2311 340 2344 the
356 2310 538 2351 subsidiary
554 2309 630 2341 trial
644 2309 682 2341 de
696 2310 744 2349 vi>
761 2311 882 2342 Ascon.
897 2320 948 2352 54.
984 2311 1052 2342 For

1154 2267 1227 2299 Nec
1250 2277 1383 2299 causam
1407 2267 1506 2299 liceat
1531 2267 1637 2299 dicere
1660 2266 1752 2299 mihi.

1110 2311 1205 2352 They
1232 2311 1330 2343 could
1354 2310 1457 2342 inflict
1477 2321 1643 2352 summary
1663 2310 1873 2352 punishment

285 2355 341 2387 the
357 2354 498 2386 incident
514 2353 552 2385 cf.
572 2356 587 2391 ξ
606 2353 658 2385 66.

332 2396 362 2429 6.
387 2401 437 2428 Π.
450 2399 654 2428 Aemilium
685 2399 941 2429 Philemonem
955 2408 962 2428 z
998 2407 1050 2429 see

286 2451 319 2482 p.
334 2440 410 2471 xxii.
428 2449 456 2471 2.
487 2441 546 2471 Dr.
562 2440 645 2471 Reid
661 2440 745 2471 calls
759 2440 824 2472 this
839 2445 928 2482 story
943 2442 952 2457 ‘
963 2446 1050 2472 most

286 2482 429 2522 absurd‚’
441 2484 498 2515 but
514 2483 531 2516 I
546 2483 590 2514 do
605 2488 662 2515 not
678 2493 731 2515 see
748 2483 833 2524 why.

334 2536 384 2558 12.
406 2529 654 2558 triumvirum
679 2530 896 2564 capitalem:
928 2527 984 2558 the
1009 2526 1056 2558 iii

288 2570 361 2601 viri
380 2570 534 2611 capitales
556 2569 621 2600 had
638 2569 692 2601 the
708 2574 821 2602 streets
837 2570 1001 2611 patrolled
1017 2574 1051 2601 at

287 2613 395 2654 night,
411 2623 473 2644 one
499 2613 537 2644 of
557 2612 641 2644 their
664 2613 753 2645 chief
770 2613 876 2645 duties
896 2614 993 2655 being
1016 2618 1050 2644 to

288 2660 387 2688 arrest
423 2666 578 2697 runaway
608 2656 724 2688 slaves.
771 2656 865 2688 Thus
894 2656 988 2689 Sosia
1017 2657 1050 2687 in

289 2699 396 2731 Plaut.
412 2699 535 2740 Amph.
555 2708 616 2739 154
631 2710 702 2741 sqq.
718 2710 811 2740 says:

442 2742 498 2783 qui
525 2742 588 2774 hoc
613 2744 720 2774 noctis
743 2743 831 2775 solus
854 2742 1032 2782 ambulem,

335 2785 424 2826 Quid
455 2786 573 2816 faciam
604 2796 700 2826 nunc,
728 2786 754 2817 si
781 2787 906 2819 tresviri
936 2796 989 2818 me
1019 2786 1052 2817 in

378 2839 538 2860 carcerem
566 2830 813 2870 compegerIntl

334 2871 415 2902 Inde
431 2882 500 2902 cras
514 2882 532 2902 e
547 2873 771 2914 promptuaria
787 2871 871 2905 cella
882 2871 1055 2915 depromar

376 2914 419 2947 ad
433 2914 582 2956 flagrum,

1110 2365 1200 2396 upon
1232 2354 1349 2391 slaves,
1381 2354 1436 2386 the
1466 2354 1561 2386 usual
1591 2358 1667 2396 spot
1693 2354 1792 2396 being
1816 2354 1872 2386 the

1111 2397 1264 2429 columna
1279 2397 1430 2432 Maenia,
1474 2397 1582 2430 There
1595 2397 1625 2428 is
1643 2407 1687 2428 no
1709 2397 1872 2436 evidence,

1111 2441 1270 2478 however,
1288 2445 1323 2472 to
1339 2440 1430 2472 show
1442 2440 1512 2471 that
1527 2440 1605 2482 they
1617 2440 1715 2472 could
1727 2440 1772 2472 do
1782 2451 1874 2472 more

1112 2484 1189 2515 than
1206 2484 1328 2516 rebuke
1344 2494 1365 2515 a
1379 2483 1510 2516 belated
1526 2484 1643 2516 citizen
1657 2494 1664 2516 :
1682 2483 1724 2515 cs.
1736 2483 1871 2516 Staatsr.

1111 2527 1145 2558 ii.
1164 2533 1237 2568 597.

1159 2579 1207 2610 13.
1231 2572 1420 2602 Gnatam:
1445 2569 1512 2602 this
1534 2569 1562 2601 is
1577 2580 1596 2602 a
1612 2569 1761 2601 different
1784 2573 1875 2610 story

1111 2613 1195 2644 from
1225 2612 1296 2645 that
1326 2613 1365 2644 of
1397 2613 1452 2645 the
1488 2613 1637 2644 drunkeu
1666 2612 1767 2653 slave,
1796 2612 1874 2644 who

1110 2656 1273 2688 wounded
1293 2656 1348 2688 the
1367 2656 1584 2699 sacrificulus,
1603 2658 1619 2694 5
1637 2655 1693 2697 65,
1708 2657 1795 2688 since
1818 2655 1874 2687 the

1111 2699 1210 2732 latter
1224 2699 1366 2731 incident
1387 2700 1470 2731 took
1484 2699 1579 2741 place
1592 2699 1704 2731 before
1725 2699 1874 2741 Pompey

1112 2743 1245 2775 became
1262 2742 1460 2774 sole-consul
1475 2753 1482 2775 :
1506 2753 1558 2774 see
1574 2743 1695 2775 Ascon.
1711 2752 1754 2774 on
1775 2746 1790 2780 ς
1808 2742 1862 2783 67.

1160 2794 1209 2818 21.
1237 2789 1465 2818 Sallustius:
1490 2786 1531 2817 he
1560 2785 1627 2817 had
1653 2796 1673 2817 a
1694 2785 1771 2817 {eud
1791 2784 1874 2817 with

1115 2829 1231 2861 Cicero
1239 2833 1276 2861 to
1288 2834 1468 2871 prosecute,
1477 2839 1513 2860 as
1525 2828 1600 2860 well
1613 2838 1649 2860 as
1659 2829 1715 2860 the
1727 2828 1874 2870 flogging

1113 2877 1150 2904 to
1175 2883 1307 2913 avenge,
1330 2872 1438 2903 which
1464 2871 1505 2904 he
1531 2872 1596 2903 had
1620 2871 1766 2904 received
1788 2871 1875 2903 from

1116 2915 1204 2947 Milo
1215 2915 1264 2958 [p.
1275 2915 1364 2948 xviii.
1375 2914 1424 2958 4].
1457 2915 1512 2948 He
1522 2914 1656 2948 dubbed
1668 2915 1786 2947 Cicero
1797 2916 1806 2931 ‘
1816 2914 1874 2947 the
