1942 3236
1907 0 1942 197 l

284 228 366 259 122
741 212 1023 256 SCHOLIA
1064 210 1420 254 BOBIENSIA
1930 204 1942 272 ,3

1934 293 1942 312 ἢ

337 331 589 374 Incendium
628 330 746 381 dicit,
791 343 879 383 quo
927 327 1091 370 exarsit
1137 341 1226 370 non
1276 327 1413 370 solum
1457 324 1599 370 Clodii
1631 331 1760 379 pyra,
1799 323 1877 366 sed
1935 321 1942 357 ἶ

281 402 399 444 curia
439 413 626 455 quoque,
655 413 752 440 cum
787 399 945 439 domus
987 397 1049 438 M.
1082 397 1242 450 Lepidi
1282 401 1541 451 oppugnata
1571 399 1698 436 esset.
1757 393 1877 435 Nam
1938 403 1940 413 ²

281 471 344 512 M.
382 468 600 510 Aemilius
642 467 836 521 Lepidus
879 480 979 508 cum
1016 466 1266 520 interregno
1307 465 1570 519 fungeretur,
1605 469 1651 505 et
1683 462 1879 517 plerique

282 539 391 580 inita
421 538 741 591 conspiratione
772 536 855 577 hoc
887 536 942 576 ab
974 549 1028 577 eo
1059 534 1344 589 postularent,
1368 533 1563 575 maxime
1593 530 1879 586 urguentibus

280 607 458 649 Milonis
480 605 852 659 competitoribus,
869 611 918 646 ut
938 604 1120 645 haberet
1140 604 1320 645 comitia
1340 602 1609 651 consularia3
1641 599 1880 654 respondit,
1898 606 1917 640 5

279 676 462 718 civiliter
483 688 569 715 non
590 687 718 727 posse
739 687 816 728 per
835 687 882 714 se
903 673 1083 714 comitia
1097 672 1257 720 haberi,
1275 671 1484 725 quoniam
1501 670 1668 725 primus
1688 669 1881 711 interrex

280 744 356 787 illo
378 750 579 798 tempore
601 749 714 784 esset
736 742 935 796 proditus
961 741 1096 782 biduo
1118 748 1220 795 post
1241 740 1628 793 interemptionem
1649 737 1699 780 P.
1722 736 1877 780 Clodi:

280 819 324 855 et
345 818 437 855 erat
459 813 502 852 in
521 817 669 853 vetere
689 810 1016 861 consuetudine,
1037 816 1086 851 ut
1108 823 1196 851 non
1218 809 1265 859 is,
1288 810 1361 863 qui
1387 809 1554 862 primus
1575 808 1778 855 interrex,
1802 807 1880 848 sed

280 882 355 936 qui
391 881 489 923 loco
525 881 717 922 secundo
757 885 986 927 crearetur,
1020 879 1198 920 comitia
1233 878 1427 919 haberet.
1488 877 1592 919 Non
1634 876 1882 929 obsequens

280 957 431 993 tamen
462 949 522 990 illi
554 949 830 1003 conspiratae
858 947 1142 998 multitudini,
1172 960 1305 1001 quarn
1339 946 1534 988 Plautius
1568 945 1807 999 Hypsaeus
1837 949 1882 985 et
1902 959 1942 982 10

283 1018 490 1060 Metellus
535 1017 685 1071 Scipio
726 1017 1037 1067 concitaverat,
1078 1016 1122 1057 in
1171 1016 1413 1070 periculum
1455 1016 1671 1057 deductus
1710 1019 1792 1064 est,
1833 1019 1882 1055 ut

280 1087 439 1128 domus
472 1087 562 1127 eius
597 1087 922 1140 inpugnaretur‚
959 1091 1003 1127 et
1038 1085 1318 1126 obsidionem
1358 1085 1528 1126 dierum
1569 1083 1763 1138 quinque
1803 1095 1881 1136 pa·
1936 1079 1937 1082 ’

280 1162 469 1197 teretur:
502 1155 571 1197 cui
602 1156 659 1197 ad
690 1162 938 1197 extremum
969 1154 1063 1196 sola
1093 1153 1225 1195 factio
1258 1153 1437 1195 Milonis
1465 1151 1634 1195 auxilio
1657 1151 1764 1203 fuit3
1795 1165 1882 1206 qua

282 1225 534 1266 decertante
555 1237 654 1265 cum
675 1223 922 1265 adversaria
949 1222 1191 1277 perfectum
1218 1228 1298 1274 est,
1321 1229 1368 1263 ut
1394 1222 1661 1263 eximeretur
1687 1219 1883 1275 periculo

282 1306 371 1347 quo
392 1292 609 1334 artissime
630 1291 923 1346 premebatur.
1903 1301 1941 1335 15

340 1400 391 1442 ib.
425 1399 556 1453 Quia
587 1399 729 1441 nulla
753 1399 829 1440 vis
855 1413 1092 1453 umquam
1125 1405 1202 1441 est
1228 1399 1276 1440 in
1308 1399 1474 1441 libera
1501 1396 1748 1441 civitatae
1777 1411 1882 1439 sus-

283 1475 430 1522 cepta
460 1469 595 1509 inter
626 1468 752 1509 civis
783 1482 883 1510 non
914 1474 1090 1510 contra
1122 1482 1224 1509 rem
1255 1483 1297 1523 p.

342 1548 402 1589 Et
432 1548 516 1590 hoc
548 1548 688 1589 munit
719 1548 937 1602 exemplis
968 1548 1165 1602 pluribus
1198 1562 1365 1600 eorum,
1396 1561 1508 1603 quos
1538 1561 1597 1589 ex
1628 1561 1708 1589 usu
1744 1535 1804 1588 rei
1839 1560 1881 1601 p.

283 1616 516 1665 constabat
538 1617 703 1658 occisos
721 1633 730 1666 3
763 1617 1046 1658 nihilominus
1068 1617 1111 1658 in
1131 1617 1302 1658 hisdem
1325 1616 1532 1659 caedibus
1553 1616 1618 1658 vis
1639 1615 1883 1658 execranda

282 1686 421 1737 fuerit,
443 1686 543 1727 licet
568 1699 649 1740 pro
670 1686 891 1726 communi
914 1686 1102 1728 utilitate
1124 1692 1339 1741 suscepta.
1901 1699 1942 1722 20

337 1794 449 1848 §14
482 1793 807 1834 Decernebat
847 1794 993 1845 enim,
1026 1800 1079 1836 ut
1118 1794 1384 1836 veteribus
1420 1793 1616 1847 legibus
1651 1799 1879 1835 tantum-

285 1862 435 1903 modo
486 1868 634 1903 extra
684 1862 915 1904 ordinem
959 1869 1306 1916 quaereretur.
1389 1862 1573 1903 Divisa
1621 1861 1881 1904 sententia

285 1936 474 1986 posest,
505 1930 710 1971 tulante
741 1931 916 1972 nescio
947 1945 1059 1985 quo.

344 2015 508 2057 Sensus
539 2015 609 2056 hic
640 2016 683 2056 in
715 2016 985 2058 obscuritate
1017 2022 1108 2058 est:
1141 2015 1249 2057 illud
1277 2016 1394 2057 enim
1419 2016 1463 2057 in
1488 2015 1717 2070 proposito
1747 2014 1881 2057 habet

285 2084 458 2125 Tullius
493 2085 664 2134 docere,
692 2086 750 2126 ab
781 2091 936 2126 senatu
967 2085 1073 2125 nihil
1104 2091 1256 2126 contra
1289 2084 1501 2126 Milonem
1533 2090 1759 2126 statutum.
1821 2084 1881 2125 Et
1901 2096 1939 2129 25

285 2153 427 2207 primo
454 2154 632 2206 quidem
664 2154 725 2195 ita
754 2160 1013 2207 conceptam
1042 2153 1173 2195 fuisse
1197 2154 1470 2204 sententiam,
1490 2160 1538 2195 ut
1563 2154 1619 2195 de
1646 2153 1722 2195 illa
1745 2153 1881 2194 caede

284 2222 503 2263 veteribus
543 2221 711 2275 legibus
757 2228 886 2263 extra
926 2223 1124 2263 ordinem
1173 2229 1478 2276 quaereretur;
1526 2222 1604 2264 sed
1645 2236 1670 2263 e
1709 2221 1880 2264 diverso

285 2291 484 2332 extitisse
524 2289 668 2341 alium,
698 2291 772 2344 qui
808 2297 960 2332 contra
991 2292 1156 2332 diceret
1189 2290 1297 2347 (sive
1329 2291 1504 2333 Fufium
1535 2290 1759 2340 Calenum,
1790 2291 1882 2334 sive

286 2358 398 2401 alius
431 2358 503 2400 ille
534 2358 675 2410 fuerit,
705 2357 972 2414 videbimus)
1003 2359 1342 2414 postularetque,
1374 2367 1424 2402 ut
1456 2360 1698 2402 sententiae
1728 2359 1883 2402 divisio

287 2426 422 2481 fieret.
506 2427 608 2469 Hoc
654 2434 804 2469 autem
845 2427 1017 2470 solebat
1061 2429 1272 2478 accidere,
1314 2442 1415 2470 cum
1454 2428 1687 2470 videbatur
1725 2427 1883 2482 aliquis
1900 2440 1942 2473 30

287 2510 366 2550 per
405 2503 599 2539 saturam
648 2497 705 2538 de
749 2496 898 2538 multis
943 2497 1072 2539 rebus
1117 2511 1248 2539 unam
1288 2498 1551 2540 sententiam
1595 2497 1788 2540 dixisse:
1837 2502 1883 2539 et

286 2565 479 2607 habebat
505 2578 821 2620 nonnunquam
843 2566 1032 2607 conexio
1058 2566 1307 2608 huiusmodi
1333 2579 1477 2608 rerum
1503 2566 1739 2608 multarum
1767 2566 1882 2607 frau-

288 2633 489 2676 dulentas
518 2635 757 2688 captiones,
789 2640 837 2676 ut
872 2635 1002 2676 rebus
1033 2635 1185 2688 aequis
1216 2648 1283 2677 res
1315 2635 1543 2689 improbae
1573 2636 1883 2686 miscerentur;

289 2709 420 2757 atque
454 2703 514 2744 ita
540 2703 850 2745 blandimentis
890 2704 1152 2757 quibusdam
1193 2703 1422 2757 obreperet
1455 2705 1512 2746 ad
1544 2703 1782 2746 obtinenda
1819 2717 1883 2754 ea,

289 2785 401 2825 quae
433 2772 469 2812 si
509 2785 586 2825 per
620 2786 667 2814 se
702 2771 975 2826 singulariter
1013 2779 1369 2827 proponerentur,
1400 2772 1629 2827 displicere
1662 2772 1882 2815 deberent.
1901 2781 1940 2816 35

293 2841 640 2883 Desiderabatur
670 2842 830 2895 itaque,
856 2847 904 2883 ut
935 2841 1060 2883 fieret
1091 2842 1333 2883 sententiae
1364 2842 1532 2893 divisio,
1552 2841 1636 2883 hoc
1656 2847 1736 2893 est,
1757 2848 1806 2884 ut
1826 2842 1883 2883 de

616 2967 645 2999 3.
669 2969 753 2998 cum,
772 2958 828 2992 hoc
844 2958 907 2991 loco
922 2958 1048 3001 Stangl,
1066 2958 1143 3001 (qui
1156 2959 1246 3001 cod.)
1261 2971 1270 2991 x
1291 2969 1365 2991 cum
1381 2960 1433 2992 M
1449 2959 1572 2992 Aemil.
