1942 3236
174 407 241 437 103
262 394 308 435 P.
340 393 469 435 Clodi
501 399 642 434 morte
672 393 941 446 acquierunt.

255 220 315 265 92

722 207 786 250 M.
837 206 1028 248 TULLI
1062 204 1402 249 CICERONIS

261 323 510 379 (omnibus)
529 324 746 378 gentibus.
796 338 822 365 a
843 324 1002 378 quibus
1023 335 1111 365 non
1134 323 1364 379 potuisse?
1395 322 1451 363 ab
1474 321 1536 372 iis,
1558 319 1632 376 qui
1654 319 1847 362 maxime

1001 390 1104 445 Quo
1135 391 1430 445 deprecante?
1462 404 1545 431 me.

1605 389 1845 444 Quodnam

260 475 345 516 ego,
384 461 564 514 concepi
609 466 782 502 tantum
829 461 968 502 scelus
1010 466 1086 501 aut
1127 461 1246 514 quod
1289 460 1333 500 in
1371 473 1442 500 me
1475 464 1649 500 tantum
1680 457 1848 499 facinus

258 530 429 580 admisi,
474 529 649 580 iudices,
700 543 800 570 cum
847 529 921 570 illa
970 528 1128 570 indicia
1180 528 1425 570 communis
1471 527 1582 568 exiti
1632 525 1847 580 indagavi,

258 598 457 652 patefeci,
478 597 653 652 protuli,
676 598 901 639 exstinxi?
963 597 1130 639 Omnes
1151 597 1257 638 mihi
1286 597 1483 650 meisque
1510 595 1758 637 redundant
1788 607 1847 635 ex
1868 602 1886 634 5

259 667 380 708 fonte
411 666 486 708 illo
517 666 702 707 dolores.

765 666 884 720 Quid
917 680 988 707 me
1016 666 1220 707 reducem
1246 678 1342 706 esse
1368 664 1598 706 voluistis?
1629 677 1686 706 an
1711 670 1759 704 ut
1785 663 1847 704 in-

259 742 488 789 spectante
511 749 581 776 me
603 734 926 788 expellerentur
940 735 979 782 ii,
997 748 1074 789 per
1094 748 1204 788 quos
1226 747 1365 776 essem
1383 734 1640 775 restitutus?
1685 731 1848 782 Nolite,

258 805 441 846 obsecro
472 817 562 854 vos,
596 803 863 845 acerbiorem
907 803 1014 844 mihi
1055 803 1148 856 pati
1189 804 1376 844 reditum
1410 815 1518 853 esse,
1553 814 1687 855 quam
1719 799 1850 842 fuerit

260 873 333 915 ille
365 873 458 926 ipse
488 872 729 921 discessus;
761 886 863 913 nam
885 872 959 926 qui
981 885 1162 926 possum
1192 878 1344 926 putare
1373 884 1444 912 me
1466 870 1716 911 restitutum
1739 882 1848 920 esse,

176 943 244 989 38
263 942 299 983 si
331 941 551 983 distrahor
585 942 642 982 ab
678 941 743 990 iis,
779 955 857 995 per
890 954 999 995 quos
1033 941 1258 982 restitutus
1288 939 1418 981 sum?
1479 939 1663 982 Utinam
1695 938 1740 980 di
1767 937 1848 979 im-

261 1010 466 1052 mortales
499 1009 702 1051 fecissent
736 1008 863 1065 (pace
897 1015 985 1061 tua,
1019 1010 1172 1065 patria,
1209 1009 1424 1059 dixerim3
1462 1014 1612 1050 metuo
1645 1007 1762 1049 enim
1794 1020 1850 1048 ne

258 1080 467 1122 scelerate
507 1079 649 1120 dicam
690 1079 733 1119 in
773 1085 829 1130 te,
869 1079 989 1132 quod
1031 1092 1109 1133 pro
1145 1078 1314 1120 Milone
1349 1078 1493 1119 dicam
1530 1074 1848 1132 pie)-utinam

260 1149 308 1194 P.
333 1148 514 1191 Clodius
542 1161 628 1189 non
659 1148 793 1189 modo
813 1147 990 1199 viveret,
1011 1147 1088 1189 sed
1110 1147 1243 1188 etiarn
1266 1152 1452 1200 praetor,
1477 1145 1641 1196 consul,
1661 1145 1852 1187 dictator

171 1226 241 1256 104
259 1222 373 1259 esset
394 1217 553 1271 potius,
574 1229 707 1270 quam
732 1216 816 1258 hoc
841 1216 1138 1270 spectaculum
1159 1214 1382 1257 viderem!
1440 1213 1481 1256 O
1503 1215 1549 1256 di
1571 1213 1853 1264 immortales,

259 1276 428 1332 fortems
458 1291 502 1326 et
537 1299 563 1326 a
603 1285 742 1332 vobis,
786 1285 964 1335 iudices,
1006 1285 1353 1327 conservandum
1398 1283 1566 1324 virum!
1627 1282 1852 1334 ‘Minime,

307 1395 335 1418 1.
357 1397 378 1418 a
403 1386 522 1428 quibus
544 1397 609 1417 non
633 1387 802 1428 potuisse?
841 1387 884 1418 ab
907 1387 948 1418 iis
972 1387 1047 1427 Ηςχ
1072 1386 1142 1428 [his
1164 1396 1225 1428 pro
1249 1396 1303 1424 ns,
1327 1389 1422 1416 utsa
1383 1428 1410 1459 d
1386 1383 1522 1459 sanEe]:
1559 1394 1626 1416 non

1320 1438 1383 1470 quo

260 1430 331 1472 [his
354 1429 399 1470 E]
424 1429 502 1468 TE;
534 1440 600 1461 non
616 1429 783 1471 patuisse²
807 1429 852 1461 τίς
875 1430 962 1471 vulg.

260 1474 343 1505 mihi
359 1473 503 1515 meisque
521 1473 576 1504 H:
600 1483 639 1504 zn
655 1483 704 1504 me
719 1483 863 1515 meosque
879 1473 950 1505 rell.

252 1521 378 1559 putare
393 1517 433 1547 T.
499 1526 570 1548 esse
586 1526 648 1548 om.
665 1516 711 1548 H.

264 1570 314 1600 13.
337 1564 478 1601 praetor,
494 1560 607 1591 consul
626 1560 696 1591 Hs·
690 1585 697 1592 .
714 1560 894 1602 proconsul
907 1560 979 1592 TE.

258 1604 420 1643 vandum,
436 1602 570 1643 iudices,
586 1603 636 1634 H.

306 1699 332 1723 1.
357 1701 379 1722 a
408 1693 544 1728 quibus
568 1714 575 1721 .
599 1714 607 1722 .
636 1714 643 1721 .
667 1694 713 1722 ab
738 1694 810 1723 fis:
846 1701 889 1722 sc.
921 1690 1021 1722 tueri.

260 1734 376 1766 Cicero
397 1744 541 1765 assumes
560 1734 632 1765 that
652 1734 706 1765 the
721 1733 828 1775 jurors
849 1744 903 1765 are
921 1734 1023 1775 going

260 1783 295 1808 to
312 1777 472 1809 condemn
490 1777 586 1816 Milo,
597 1777 663 1808 and
675 1787 711 1808 so
725 1777 889 1818 naturally
905 1777 1024 1819 speaks

261 1820 299 1852 of
321 1821 504 1862 protecting
529 1820 598 1851 him
625 1820 709 1852 from
736 1821 837 1858 them,
866 1831 903 1852 so
935 1831 1022 1862 supr.

260 1874 325 1895 non
350 1865 438 1896 enim
464 1863 587 1894 inimici
615 1865 678 1895 mei
702 1868 732 1895 te
758 1863 847 1895 mihi
870 1863 1022 1905 eripient,

260 1907 317 1939 sed
340 1907 545 1945 amicissimi,
569 1907 608 1939 cf.
630 1907 671 1939 de
695 1907 763 1938 Inv.
786 1908 806 1939 i.
833 1917 891 1948 109
911 1907 1025 1939 tertius

260 1951 406 1982 decimus
438 1948 570 1991 (locus),
603 1960 661 1992 per
689 1961 785 1992 quem
816 1961 890 1982 eum
917 1950 1024 1991 indig-

259 1994 392 2025 natione
405 1994 640 2035 conquerimur,
653 1994 741 2034 quod
753 1994 792 2025 ab
805 1993 859 2032 iis,
872 2004 893 2024 a
905 1993 1024 2035 quibus

261 2037 401 2068 minime
422 2037 604 2075 conveniat,
631 2037 714 2068 male
739 2041 929 2076 tractamur,
944 2041 1022 2078 pro-

256 2080 409 2122 pinquis,
426 2080 552 2118 amicis,
568 2082 628 2112 &c.
654 2081 720 2111 For
731 2080 788 2111 the
803 2080 1022 2112 construction

262 2123 301 2155 cf.
322 2127 338 2161 ς
356 2132 395 2164 91
414 2123 454 2154 ab
468 2133 501 2154 eo
517 2146 525 2155 .
545 2148 552 2155 .
572 2123 707 2164 .forum
727 2123 867 2165 defendi.
913 2123 930 2154 1
946 2133 1023 2155 can-

261 2171 319 2198 not
336 2176 388 2198 see
404 2166 459 2198 the
475 2166 561 2198 force
578 2167 616 2198 of
628 2165 792 2207 Madvig's
805 2166 969 2207 objection
986 2170 1022 2198 to

261 2209 326 2241 this
342 2209 486 2250 reading,
504 2210 573 2241 that
594 2220 615 2240 a
635 2209 750 2251 quibus
771 2209 868 2242 could
889 2210 968 2251 only
982 2210 1024 2241 be

261 2252 341 2285 used
369 2252 426 2284 ‘of
447 2253 502 2285 the
528 2263 668 2293 accuser,
697 2263 734 2285 or
760 2253 798 2284 of
818 2263 838 2284 a
864 2253 960 2284 venal
987 2263 1024 2284 or

260 2296 389 2328 biassed
400 2294 512 2336 juror?
748 2331 752 2338 Ἴ

308 2348 335 2371 2.
360 2343 544 2377 quodnam
572 2362 581 2371 .
616 2363 623 2370 .
652 2363 659 2370 .
690 2341 859 2372 extinxi:
901 2339 967 2371 this
997 2339 1025 2370 is

263 2393 283 2414 a
298 2383 527 2424 reproduetion
543 2382 580 2414 of
591 2393 611 2414 a
627 2393 764 2424 passage
778 2383 811 2413 in
825 2382 880 2414 the
895 2393 1024 2424 perora-

259 2426 331 2458 tion
354 2425 393 2457 of
410 2425 464 2458 the
486 2436 547 2468 pro
569 2425 686 2465 Sestio,
706 2434 765 2467 145
782 2426 871 2467 quod
891 2430 1025 2457 tantum

261 2474 310 2501 est
325 2469 357 2500 in
373 2479 426 2500 me
442 2469 565 2500 scelus?
587 2470 667 2511 quid
682 2474 776 2500 tanto
792 2479 891 2511 opere
902 2469 1026 2510 deliqui

261 2512 332 2551 illo,
348 2512 410 2543 illo
429 2512 493 2551 die,
510 2516 584 2544 cum
604 2512 647 2544 ad
662 2522 721 2544 vos
740 2512 870 2550 indicia,
888 2512 1024 2552 litteras,

260 2556 478 2588 confessiones
493 2555 676 2587 communis
689 2556 775 2587 exzti
788 2555 916 2588 detuli?

307 2607 335 2639 5.
361 2602 459 2630 mihi
467 2602 658 2649 meisque:
683 2610 702 2630 a
719 2599 785 2631 dat.
801 2598 1025 2637 incommodi,

262 2641 301 2674 cf.
327 2642 367 2683 Q.
392 2642 429 2673 F.
452 2642 498 2673 iii.
523 2652 554 2684 9.
582 2651 595 2673 1
625 2642 714 2684 quod
732 2636 886 2684 quidem
902 2641 1025 2674 bonum

262 2685 351 2716 mihi
371 2695 456 2716 nunc
478 2685 616 2727 denique
638 2685 812 2725 redundat,
829 2686 903 2718 Cat.
928 2685 962 2717 ii.
984 2695 1024 2726 29

262 2739 302 2760 ne
334 2729 412 2769 quid
443 2729 584 2760 invidiae
615 2729 704 2760 mzlzz'
733 2730 766 2760 in
799 2728 1023 2770 posteritatem

263 2772 472 2804 redundaret.
518 2772 590 2804 The
620 2782 774 2804 common
804 2772 1023 2804 construction

262 2814 343 2846 with
371 2815 408 2845 in
430 2815 496 2846 and
526 2815 580 2846 the
609 2826 713 2848 accus.
745 2815 803 2847 has
833 2826 853 2847 a
888 2814 1024 2857 slightly

263 2857 411 2889 different
454 2859 616 2900 meaning,
656 2858 721 2890 and
758 2868 923 2900 expresses
966 2858 1023 2891 the

261 2901 420 2933 direction
441 2902 550 2941 taken,
566 2912 594 2934 e.
608 2913 639 2943 g.
656 2902 696 2933 de
713 2901 770 2934 Or.
786 2902 807 2933 i.
825 2911 843 2942 3
861 2901 1022 2937 fluctibus,

261 2944 317 2987 qui
340 2955 398 2987 per
419 2955 480 2977 nos
504 2955 523 2976 a
547 2945 712 2978 communi
729 2950 818 2987 peste
836 2945 965 2988 depulsi
985 2945 1024 2977 in

846 1525 894 1548 ιο.
921 1516 1085 1549 distrahor
1101 1516 1176 1548 Ha:
1201 1515 1377 1547 distrahar
1391 1514 1462 1546 TE.

1641 1383 1787 1426 potuisse
1809 1383 1853 1415 iis

1087 1440 1116 1461 2.
1139 1440 1204 1471 quo
1222 1429 1275 1460 Ha
1657 1427 1791 1469 pertuli
1805 1426 1853 1459 H.

1156 1483 1185 1514 7.
1208 1473 1232 1504 ii
1251 1443 1304 1504 Τ
1320 1439 1384 1503 qlzii
1398 1471 1453 1510 H;
1476 1470 1516 1502 Izi
1530 1470 1570 1502 E.
1751 1480 1782 1512 9.
1805 1480 1855 1502 me

1516 1514 1556 1546 iis
1571 1513 1665 1546 edd.-
1658 1538 1666 1545 .
1689 1514 1742 1545 his
1757 1513 1853 1546 codd.

1068 1569 1123 1601 14.
1143 1559 1274 1602 potius:
1298 1563 1375 1590 ante
1391 1558 1418 1589 δ.
1527 1566 1578 1599 15.
1599 1557 1715 1590 virum
1731 1567 1853 1589 conser-

1091 1695 1219 1723 nosmet
1235 1690 1325 1732 ipsos
1340 1689 1574 1722 redundarent.
1613 1688 1706 1720 With
1718 1688 1774 1721 the
1789 1688 1857 1720 dat.

1091 1733 1145 1766 the
1161 1739 1258 1766 stress
1270 1738 1350 1765 rests
1360 1743 1450 1775 upon
1466 1732 1609 1774 exsonte
1620 1732 1697 1770 illo
1690 1743 1696 1750 ·
1713 1732 1793 1764 with
1803 1732 1858 1763 the

1090 1788 1196 1809 accus.
1213 1788 1256 1809 on
1273 1787 1313 1808 m
1326 1787 1376 1808 me
1391 1786 1544 1818 meosque.

1138 1827 1166 1861 7.
1190 1824 1239 1853 fl:
1271 1831 1291 1851 a
1317 1819 1490 1852 rhetorical
1517 1818 1638 1861 plural,
1657 1819 1745 1852 since
1769 1817 1857 1850 Milo

1092 1863 1213 1895 alone
1204 1874 1232 1895 is
1248 1864 1281 1895 in
1297 1863 1442 1904 danger;
1466 1862 1506 1895 cf.
1526 1864 1543 1900 §
1563 1869 1646 1904 17n.

1139 1916 1188 1938 10.
1212 1910 1430 1939 distrahor:
1455 1906 1511 1937 the
1534 1904 1733 1937 indicative'
1724 1915 1752 1936 1s
1765 1914 1857 1938 more

1092 1950 1193 1990 vivid,
1216 1961 1251 1982 as
1277 1949 1440 1991 implying
1465 1950 1537 1981 that
1561 1949 1646 1980 Milo
1672 1949 1700 1980 is
1723 1948 1857 1990 already

1092 1994 1192 2035 being
1208 1998 1281 2026 torn
1296 2003 1407 2034 away.
1432 1993 1474 2025 cf
1493 1995 1509 2031 ξ
1526 2002 1568 2034 99
1581 2002 1616 2024 n.

1138 2046 1187 2078 15.
1211 2047 1234 2068 a.
1247 2040 1355 2068 vobis
1376 2039 1694 2068 conservandum:
1715 2046 1736 2067 a
1751 2045 1856 2068 some

1090 2080 1188 2112 what
1210 2086 1279 2111 rare
1309 2078 1529 2111 construction
1555 2079 1589 2110 in
1615 2078 1712 2121 place
1738 2078 1778 2111 of
1801 2077 1857 2111 the

1092 2124 1187 2155 usual
1209 2123 1338 2161 dative;
1363 2122 1403 2154 cf.
1427 2122 1520 2154 Fam.
1545 2133 1596 2155 xv.
1620 2133 1653 2164 4.
1680 2131 1716 2153 11
1741 2121 1856 2154 admo-

1091 2167 1235 2198 nendum
1258 2166 1370 2208 potius
1389 2170 1422 2197 te
1442 2176 1464 2196 a
1484 2175 1534 2197 me
1553 2175 1652 2207 quam
1673 2165 1855 2207 rogandum

1092 2214 1183 2252 puto.
1228 2210 1282 2242 It
1274 2219 1302 2241 1s
1317 2209 1493 2251 employed
1513 2209 1615 2241 either
1634 2209 1686 2241 for
1705 2208 1762 2240 the
1777 2208 1856 2240 sake

1092 2253 1129 2285 of
1159 2253 1374 2291 concinnitas,
1406 2262 1443 2284 or
1471 2257 1506 2284 to
1535 2252 1634 2284 avoid
1662 2251 1856 2293 ambiguity,

1093 2307 1120 2328 e.
1128 2307 1162 2337 g.
1178 2296 1260 2328 with
1275 2296 1370 2327 verbs
1384 2295 1494 2327 thch
1509 2305 1630 2337 govern
1645 2295 1702 2327 the
1717 2295 1793 2334 dat„
1812 2294 1854 2327 cs.

1093 2339 1179 2381 Imp.
1196 2339 1312 2381 Pomp.
1327 2338 1347 2370 6
1357 2338 1475 2381 quibus
1491 2343 1538 2370 est
1552 2349 1574 2370 a
1590 2338 1684 2371 vobis
1699 2363 1707 2370 .
1725 2362 1733 2371 .
1751 2362 1759 2370 .
1777 2348 1852 2370 con-

1093 2382 1274 2422 sulendum,
1287 2393 1326 2414 or
1340 2387 1374 2414 to
1396 2381 1579 2423 emphasise
1602 2382 1657 2414 the
1679 2391 1796 2424 person
1820 2381 1859 2414 of

1093 2426 1149 2458 the
1159 2430 1268 2467 agent,
1281 2436 1316 2457 as
1327 2425 1416 2457 here.
1447 2425 1514 2457 For
1524 2424 1579 2457 the
1589 2424 1755 2457 literature
1763 2434 1853 2466 upon

1093 2469 1149 2501 the
1164 2468 1288 2509 subject
1309 2479 1362 2500 see
1376 2467 1456 2501 RH.
1471 2478 1503 2500 n.
1521 2469 1594 2509 581.
1629 2468 1703 2501 The
1718 2478 1854 2510 passage

1092 2512 1223 2553 usually
1245 2511 1367 2554 quoted
1390 2512 1474 2543 from
1497 2511 1584 2553 Imp.
1607 2511 1724 2554 Pomp.
1750 2521 1790 2543 20
1813 2521 1854 2543 ne

1092 2555 1176 2587 forte
1191 2566 1212 2587 a
1234 2555 1329 2587 vobis
1344 2579 1352 2587 .
1369 2578 1377 2586 .
1395 2579 1402 2587 .
1419 2554 1656 2594 contemnenda
1678 2564 1748 2587 esse
1763 2554 1852 2587 vide—

1092 2603 1197 2638 antur,
1215 2598 1243 2630 is
1257 2602 1316 2630 not
1332 2602 1367 2630 to
1385 2597 1441 2629 the
1454 2597 1558 2640 point,
1575 2598 1664 2630 since
1679 2608 1717 2630 ea
1733 2597 1853 2629 should

1092 2642 1133 2674 be
1146 2642 1243 2674 read:
1267 2642 1308 2674 cf.
1325 2640 1450 2673 Anecd.
1467 2651 1500 2683 p.
1516 2640 1572 2674 liv.
1610 2642 1810 2673 Conservare
1825 2640 1854 2672 is

1091 2685 1251 2727 specially
1276 2685 1356 2716 used
1385 2685 1419 2716 in
1448 2685 1639 2716 connection
1664 2684 1745 2716 with
1775 2683 1853 2716 civil

1091 2734 1205 2767 status,
1227 2739 1254 2760 e.
1263 2739 1295 2770 g.
1312 2728 1403 2760 Verr.
1420 2727 1454 2760 ii.
1474 2727 1514 2768 76
1530 2728 1663 2760 retinete
1685 2727 1852 2759 hominem

1091 2771 1130 2803 in
1160 2771 1315 2803 civitate.
1357 2770 1504 2812 ,parcite
1533 2775 1566 2802 et
1594 2774 1788 2810 conservate,
1814 2780 1852 2802 so

1091 2815 1165 2847 Clu.
1181 2824 1256 2851 200,
1268 2814 1378 2846 Plane.
1394 2823 1465 2854 104.
1504 2813 1548 2846 So
1561 2813 1632 2846 also
1643 2815 1681 2846 of
1691 2813 1852 2855 restoring

1089 2858 1200 2897 exiles,
1213 2858 1315 2890 Marc.
1332 2867 1372 2889 20
1384 2857 1478 2889 noli
1469 2867 1503 2889 m
1515 2857 1744 2889 conservandis
1758 2857 1852 2889 bonis

1090 2902 1168 2933 viris
1183 2901 1365 2942 defatigari.

1133 2947 1299 2977 iudices:
1323 2945 1340 2976 1
1355 2944 1458 2977 retain
1473 2944 1540 2978 this
1555 2943 1648 2976 word
1658 2943 1692 2974 in
1703 2943 1747 2975 its
1758 2943 1851 2976 usual

1871 950 1911 974 10

1872 1299 1910 1329 15
