1942 3236
245 192 303 236 62
699 191 761 233 M.
810 189 1001 231 TULLI
1036 186 1378 230 CICERONIS

244 311 402 352 liceret.
445 308 577 364 Quod
594 321 698 349 vero
715 307 756 348 in
776 306 849 348 illo
866 306 965 348 loco
981 311 1114 358 atque
1130 303 1213 346 illis
1226 302 1501 357 publicorum
1519 300 1835 355 praesidiorum

244 379 380 433 copiis
411 376 696 419 circumfusus
727 377 862 426 sedet,
883 374 988 416 satis
1020 372 1214 415 declarat
1244 385 1290 413 se
1321 384 1410 412 non
1439 376 1649 412 terrorem
1680 368 1836 412 inferre

243 449 367 490 vobis
399 445 521 504 (quid
554 446 671 488 enim
704 445 848 486 minus
880 442 954 485 illo
986 442 1170 496 dignum
1189 434 1336 495 lquam
1367 452 1537 493 cogere,
1557 444 1607 480 ut
1628 452 1705 481 vos
1733 452 1834 481 eum

244 516 554 563 condemnetis,
568 515 612 555 in
629 528 760 568 quem
778 513 1125 555 animadvertere
1144 510 1238 564 ipse
1259 515 1303 551 et
1322 522 1443 550 more
1459 508 1674 563 maiorum
1690 514 1735 550 et
1754 520 1835 550 suo

244 586 335 626 iure
355 582 534 639 posset),
557 584 634 625 sed
662 582 878 636 praesidio
906 595 1014 628 esse,
1038 585 1087 621 ut
1117 577 1381 632 intellegatis
1405 583 1559 619 contra
1586 577 1835 620 hesternam
1853 587 1872 620 5
1938 617 1942 627 ,

243 654 363 695 illam
386 653 633 694 contionem
657 651 785 693 licere
805 651 930 692 vobis
951 649 1069 704 quod
1092 647 1290 690 sentiatis
1311 646 1446 688 libere
1469 645 1671 688 iudicare.

162 718 227 763 27
302 723 397 764 Nec
431 736 534 764 vero
575 735 658 770 me,
694 721 870 770 iudices,
909 719 1173 761 Clodianum
1214 717 1377 759 crimen
1418 721 1582 766 movet,
1623 729 1703 757 nec
1741 720 1835 757 tam

203 774 224 803 2
242 805 338 833 sum
380 792 563 833 demens
603 797 783 843 tamque
822 788 954 830 vestri
991 801 1141 829 sensus
1185 786 1359 840 ignarus
1401 790 1538 838 atque
1578 791 1751 838 experS,
1786 790 1835 826 ut

243 860 448 909 nesciam,
470 859 576 914 quid
598 859 653 900 de
675 864 815 900 morte
837 857 965 899 Clodi
995 856 1205 898 sentiatis.
1266 856 1337 896 De
1367 867 1455 908 qua
1485 854 1522 895 si
1554 854 1641 895 iam
1671 852 1835 896 nollem

243 930 303 971 ita
325 928 490 971 diluere
511 928 685 978 crimen,
707 934 754 968 ut
775 925 893 977 dilui,
915 933 1063 968 tamen
1087 925 1266 980 impune
1288 923 1445 965 Miloni
1474 923 1621 977 palam
1647 922 1837 965 clamare

195 1010 197 1013 ’
227 1001 294 1040 sac
316 998 493 1045 mentiri
508 996 697 1051 gloriose
717 995 891 1036 liceret:
924 995 1090 1043 Occidi,
1112 994 1267 1044 occidi,
1293 1006 1381 1034 non
1415 991 1492 1046 Sp.
1515 991 1741 1043 Maelium,
1761 992 1835 1046 qui

223 1085 226 1088 ¹
243 1080 415 1107 annona
447 1065 630 1106 levanda
664 1064 924 1118 iacturisque
960 1064 1019 1105 rei
1055 1063 1289 1113 familiaris,
1321 1061 1424 1115 quia
1463 1060 1605 1106 nimis⁴
1631 1059 1836 1116 amplecti

243 1134 417 1189 plebem
449 1134 690 1184 videbatur,
723 1133 766 1174 in
802 1133 1093 1187 suspicionem
1131 1132 1283 1174 incidit
1314 1130 1435 1185 regni
1466 1129 1712 1184 appetendi,
1747 1143 1835 1172 non

244 1204 314 1245 Ti.
331 1202 591 1250 Gracchum,
608 1202 683 1256 qui
701 1201 895 1256 collegae
912 1202 1216 1255 magistratum
1231 1214 1309 1255 per
1321 1199 1582 1241 seditionem
1596 1199 1837 1253 abrogavit,

243 1286 431 1327 quorum
470 1270 768 1312 interfectores
809 1270 1046 1328 implerunt
1084 1269 1237 1311 orbem
1277 1275 1492 1310 terrarum
1541 1266 1732 1310 nominis
1770 1269 1836 1310 sui

291 1383 318 1405 1.
342 1373 374 1404 in
389 1383 451 1405 om.
469 1373 514 1404 H.
614 1381 643 1412 3.
667 1383 742 1404 eum
758 1384 819 1405 om.
839 1373 886 1404 H.
986 1383 1018 1413 4.
1042 1373 1298 1405 animadvertere
1313 1371 1374 1410 Τδ,
1390 1372 1534 1404 Ascon.:
1558 1371 1707 1404 animati
1719 1382 1752 1404 v.
1768 1371 1814 1404 H.
1830 1383 1839 1410 ;

244 1418 399 1449 animum
415 1417 488 1448 adv.
507 1417 544 1448 E.
595 1426 675 1449 suo:
701 1421 757 1448 tuo
775 1417 821 1448 H.
883 1425 914 1457 5.
931 1416 1036 1458 possit
1052 1417 1092 1448 A.
1105 1416 1284 1448 Eberhard.
1354 1415 1412 1447 sed
1428 1427 1436 1447 :
1458 1420 1490 1447 et
1505 1416 1546 1454 T,
1563 1416 1684 1449 Ascon.
1744 1425 1839 1458 pse:

244 1465 323 1492 esset
337 1461 458 1492 Aseon.
579 1469 628 1492 11.
653 1460 769 1492 metiri
785 1460 831 1492 H.
913 1460 1029 1498 occidi,
1047 1460 1165 1498 occidi,
1180 1460 1268 1497 ΤΕδ,
1286 1458 1424 1500 Quintil.
1441 1459 1486 1491 ix.
1504 1468 1532 1500 3.
1554 1460 1594 1491 28
1611 1459 1728 1501 [Mart.
1747 1458 1836 1502 Cap.

245 1514 278 1546 p.
297 1513 360 1545 479
376 1503 501 1535 variant
515 1503 642 1543 eodd.],
659 1503 781 1544 Aquila
798 1503 894 1535 Rom.
913 1513 944 1545 p.
962 1509 1001 1544 27
1016 1514 1023 1534 ι
1061 1503 1164 1535 occidi
1178 1503 1224 1534 H.
1242 1502 1379 1543 Quintil.
1398 1513 1428 1535 v,
1450 1511 1500 1534 11.
1518 1512 1554 1533 12
1573 1502 1670 1535 codd.
1686 1503 1740 1541 13⁵,
1757 1501 1838 1535 Isid.

245 1558 276 1589 p.
290 1556 362 1587 5²0·
444 1555 495 1586 13.
518 1547 690 1578 videbatur
704 1547 739 1578 P.
757 1546 896 1588 Quintil.
913 1557 943 1577 v.
963 1555 1011 1579 11.
1033 1556 1069 1577 12
1085 1558 1092 1578 :
1111 1546 1299 1588 putabatur
1312 1546 1382 1578 rell.
1435 1546 1632 1588 appetendi:
1663 1545 1841 1589 affectandi

246 1590 383 1631 Quintil.
398 1590 471 1622 cod.
484 1590 527 1621 A.
586 1599 636 1631 14.
653 1591 835 1632 abrogavit,
848 1590 945 1622 PHs:
970 1590 1137 1642 abrogabit
1149 1590 1177 1621 E
1191 1600 1198 1628 ;
1221 1590 1395 1631 abrogabat
1407 1589 1447 1622 T.
1508 1598 1558 1630 ¹5·
1575 1589 1788 1631 inpleverunt
1800 1590 1838 1622 P.

292 1693 321 1715 1.
343 1688 385 1716 ιιι
400 1687 468 1715 illo
482 1688 583 1716 loco:
609 1683 727 1715 Cicero
747 1683 913 1725 regularly
936 1693 1010 1725 says

245 1728 351 1759 sedere
375 1727 424 1765 in,
440 1738 466 1758 e.
479 1738 510 1768 g.
532 1727 608 1758 Clu.
633 1736 686 1768 54.
711 1733 789 1768 147:
815 1727 871 1759 the
893 1727 1011 1768 simple

247 1771 313 1802 abl.
344 1772 372 1802 is
405 1771 506 1801 found
544 1770 578 1802 in
608 1771 701 1812 Livy,
732 1770 798 1802 and
836 1771 1009 1812 Augustan

246 1815 380 1846 writers.

293 1867 322 1888 2.
345 1862 551 1889 terrorem:
576 1857 619 1890 cf.
639 1860 654 1896 ξ
673 1867 703 1888 2.

292 1911 324 1941 4.
355 1904 673 1932 animadvertero:
721 1902 730 1918 ‘
743 1900 808 1932 this
852 1900 937 1931 form
982 1899 1011 1931 is

248 1944 415 1985 generally
441 1943 519 1975 used
547 1944 580 1974 in
606 1944 662 1975 the
688 1943 807 1985 phrase
835 1943 1010 1975 animadv.

249 1988 288 2019 in
325 1987 470 2029 aliquem
513 1986 638 2028 though
674 1988 829 2019 animum
865 1987 940 2018 adv.
971 1986 1010 2018 in

247 2031 276 2062 is
299 2030 370 2062 also
387 2029 499 2069 found,
513 2040 539 2061 e.
551 2041 583 2071 g.
600 2031 694 2062 Fam.
717 2041 748 2062 v.
774 2040 801 2062 2.
826 2030 865 2061 8’
889 2030 1010 2061 Krebs-

293 2085 333 2157 ξ
345 2121 493 2154 posset:
518 2116 573 2148 the
593 2115 697 2157 impf„
726 2116 813 2149 since
837 2116 878 2148 he
904 2116 1012 2158 might

250 2160 332 2192 have
348 2159 445 2192 taken
461 2160 570 2191 action
584 2159 728 2201 already.

291 2207 529 2235 hesternam:
556 2205 572 2241 §
592 2213 609 2242 3
626 2213 661 2234 n.

294 2252 323 2287 7.
347 2251 423 2279 Nec
437 2256 543 2278 vero:
568 2246 685 2278 Cicero
701 2257 776 2278 now
789 2246 882 2278 takes
895 2256 940 2287 up
958 2245 1011 2277 his

249 2290 370 2321 second
386 2290 452 2321 line
469 2290 507 2321 of
525 2289 668 2330 defence‚
684 2294 779 2321 extra
795 2300 939 2328 causam,
957 2299 1010 2321 see

249 2343 282 2374 p.
298 2333 355 2364 lvi.
743 2333 747 2338 “

282 2385 294 2406 1
303 2386 314 2407 1
324 2400 331 2407 .
350 2379 507 2408 mentiri
516 2379 696 2414 gloriose:
711 2387 751 2407 an
765 2386 958 2418 oxymoron,
967 2375 1010 2408 cs.

250 2419 336 2451 Hor.
349 2419 413 2451 Od.
425 2419 472 2451 iii.
489 2428 539 2452 11.
554 2428 593 2460 35
604 2419 769 2461 splendide
784 2421 935 2455 mendax,
945 2419 1010 2451 and

250 2463 327 2494 Eur.
342 2463 460 2494 Bacch.
479 2471 540 2503 334
555 2462 749 2503 κατεψεύδου
770 2462 883 2494 καλῶς.
927 2463 1010 2494 This

249 2517 341 2538 sense
348 2506 548 2546 osgloriosus
557 2507 582 2537 is
589 2506 685 2547 fairly
693 2517 843 2538 common
849 2532 856 2545 ,
864 2517 926 2548 e.g.
937 2506 1010 2538 Fin.

248 2549 272 2580 i.
284 2556 323 2590 37
339 2549 525 2580 illustribus
534 2554 566 2580 et
575 2549 736 2590 gloriosis,
748 2550 821 2581 Att.
832 2550 900 2581 viii.
914 2558 927 2580 1
936 2559 963 2581 2.
978 2558 1008 2590 5,

249 2593 295 2624 ib.
307 2592 351 2624 xi.
369 2599 398 2633 7.
414 2602 445 2633 4,
464 2593 556 2624 Fam.
572 2594 616 2624 vi.
631 2592 663 2624 6.
682 2602 711 2632 2,
729 2596 800 2632 &c.‚
817 2593 883 2624 and
905 2593 1011 2635 yields

249 2636 326 2668 here
354 2646 373 2666 a
397 2646 488 2667 more
514 2636 723 2677 appropriate
748 2636 903 2678 meaning
931 2637 1009 2668 than

249 2683 257 2696 ⁸
268 2678 434 2717 boastful,'
451 2689 479 2710 e.
489 2689 522 2720 g.
537 2679 638 2710 Miles
654 2679 831 2719 Gloriosus,
846 2680 901 2712 the
917 2679 1010 2712 usual

249 2722 467 2764 signification
484 2723 516 2753 01
531 2722 585 2754 the
601 2723 702 2754 word.

293 2769 420 2804 occidi,
456 2769 597 2797 occidi:
655 2765 794 2806 Quintil.
817 2766 862 2797 ix.
901 2776 931 2806 3.
972 2766 1010 2797 28

249 2812 363 2850 quotes
393 2808 448 2839 the
477 2819 617 2850 passage
646 2819 682 2840 as
719 2820 759 2840 an
790 2809 942 2851 example
977 2809 1016 2841 of

245 2852 449 2892 geminatio:
477 2852 532 2883 the
556 2851 623 2883 first
641 2853 785 2884 ‘occidi'
802 2853 940 2893 indicat,
955 2853 1011 2885 the

249 2895 367 2927 second
383 2894 553 2937 aa'firmat.

295 2947 350 2979 14.
370 2941 588 2976 abrogavit:
620 2948 674 2971 see
703 2938 861 2971 Momms.
884 2939 932 2971 iii.
957 2948 1011 2980 92.

1076 1684 1148 1716 The
1171 1683 1344 1726 precedent
1369 1687 1418 1716 set
1443 1683 1487 1725 by
1510 1684 1563 1716 Ti.
1582 1685 1751 1718 Gracchus
1773 1695 1842 1718 was

1077 1727 1233 1759 followed
1249 1728 1294 1768 by
1305 1727 1478 1767 Gabinius,
1494 1728 1588 1760 when
1603 1728 1656 1760 his
1669 1729 1840 1772 colleague

1078 1770 1265 1802 Trebellius
1279 1770 1395 1802 vetoed
1412 1771 1464 1802 his
1479 1771 1545 1803 law
1559 1771 1672 1814 giving
1693 1772 1840 1814 Pompey

1078 1814 1134 1846 the
1154 1813 1331 1846 command
1356 1815 1484 1855 against
1506 1815 1562 1848 the
1584 1815 1716 1858 pirates.
1759 1815 1839 1848 Tre·

1077 1857 1204 1896 bellius,
1242 1861 1302 1889 not
1337 1857 1492 1900 thinking
1523 1859 1593 1890 him
1630 1858 1663 1891 in
1699 1864 1840 1900 eamest,

1077 1900 1237 1942 persisted
1265 1900 1349 1932 until
1379 1907 1418 1943 17
1441 1901 1541 1934 tribes
1571 1902 1638 1934 had
1664 1902 1765 1934 voted
1790 1902 1841 1935 sor

1078 1944 1130 1976 his
1153 1944 1350 1985 deposition,
1374 1945 1437 1976 and
1462 1945 1539 1985 only
1562 1957 1623 1977 one
1651 1956 1743 1978 more
1773 1957 1840 1979 was

1078 1997 1246 2028 necessary
1261 1992 1297 2019 to
1313 1998 1405 2028 carry
1419 1988 1474 2020 the
1489 1989 1626 2030 rogatio,
1641 1988 1839 2032 whereupon

1077 2031 1118 2063 he
1144 2030 1327 2063 withdrew.
1372 2032 1442 2063 For
1464 2031 1530 2064 this
1556 2032 1697 2065 conduct
1721 2033 1839 2066 Cicero

1078 2076 1198 2116 praises
1204 2074 1374 2110 Gabinius,
1383 2075 1416 2106 in
1423 2075 1475 2106 his
1482 2075 1599 2116 speech
1605 2086 1666 2116 pro
1673 2075 1840 2113 Cornelio,

1079 2123 1086 2135 ‘
1097 2128 1181 2159 quae
1196 2118 1245 2148 vir
1260 2118 1363 2157 fortis,
1381 2119 1424 2150 A.
1436 2118 1596 2151 Gabinius
1612 2120 1645 2151 in
1660 2129 1694 2151 re
1710 2120 1839 2161 optima

1078 2161 1156 2193 fecit
1181 2161 1304 2199 omnia,
1330 2171 1436 2203 neque
1465 2185 1473 2193 .
1498 2185 1506 2194 .
1531 2186 1539 2194 .
1555 2166 1676 2204 passus
1696 2167 1744 2196 est
1759 2163 1841 2205 plus

1078 2205 1184 2235 unius
1192 2204 1324 2245 collegae
1335 2205 1393 2236 sui
1405 2215 1504 2246 quam
1519 2206 1689 2238 universae
1699 2206 1840 2239 civitatis

1077 2258 1192 2279 vocem
1219 2246 1348 2280 valere’
1378 2248 1515 2284 (Ascon.
1545 2250 1579 2281 in
1609 2249 1742 2282 Cornel.
1768 2249 1838 2292 71),

1077 2303 1097 2324 a
1112 2291 1258 2333 singular
1274 2291 1423 2324 doctrine
1436 2291 1488 2324 for
1509 2302 1547 2324 so
1565 2293 1655 2334 good
1677 2304 1698 2325 a
1720 2293 1839 2326 consti—

1075 2334 1256 2366 tutionalist
1268 2336 1275 2367 l

1857 936 1897 959 10

1859 1279 1897 1312 ¹5

1116 2387 1129 2408 1
1138 2386 1167 2418 5.
1182 2381 1408 2416 implerunt:
1425 2388 1479 2411 see
1493 2382 1508 2418 ξ
1521 2379 1541 2410 8
1551 2389 1586 2411 n.
1597 2377 1649 2411 for
1658 2379 1713 2412 the
1725 2389 1839 2422 synco-
1879 2411 1887 2418 ,

1077 2421 1178 2464 pated
1194 2421 1289 2453 form.

1120 2469 1248 2496 orbem
1282 2469 1495 2498 terrum:
1534 2465 1750 2508 Krebs-Allg.
1780 2476 1838 2508 say

1076 2508 1149 2539 that
1171 2508 1258 2539 orbis
1280 2513 1450 2540 terrarum
1473 2508 1599 2550 strictly
1619 2508 1760 2551 signifi&
1783 2509 1840 2542 the

1078 2551 1208 2583 Roman
1231 2551 1347 2590 world,
1365 2561 1392 2583 e.
1405 2562 1437 2594 g.
1452 2552 1524 2584 infr.
1546 2552 1652 2584 orbem
1666 2557 1837 2584 terrarum

1075 2595 1213 2636 partitus
1227 2599 1285 2635 est,
1301 2594 1400 2626 while
1414 2595 1501 2627 orbis
1514 2600 1621 2627 terrae
1632 2594 1773 2638 signifies
1783 2595 1840 2628 the

1076 2637 1186 2669 whole
1208 2637 1322 2671 world.
1348 2648 1375 2670 e.
1386 2649 1418 2680 g.
1443 2638 1487 2671 N.
1512 2638 1556 2670 D.
1585 2638 1619 2670 ii.
1646 2637 1706 2681 165
1730 2638 1838 2671 orbem

1076 2685 1184 2712 terrae
1197 2705 1204 2712 .
1217 2705 1224 2711 .
1238 2705 1246 2712 .
1259 2681 1362 2723 partis
1373 2682 1442 2714 eius
1453 2706 1461 2714 .
1473 2706 1482 2715 .
1501 2706 1508 2714 .
1521 2682 1698 2724 Europam,
1710 2681 1837 2721 Asiam,

1077 2724 1235 2756 Africam.
1279 2724 1352 2756 The
1366 2724 1462 2757 latter
1482 2724 1600 2767 phrase
1620 2726 1660 2765 is,
1674 2725 1838 2764 however,

1078 2768 1166 2799 osten
1176 2767 1255 2798 used
1267 2767 1317 2799 for
1325 2767 1382 2799 the
1388 2767 1656 2810 formerthrough
1663 2768 1839 2801 rhetorical

1078 2811 1310 2852 exaggeration
1324 2820 1332 2841 z
1355 2821 1384 2843 e.
1395 2821 1429 2852 g.
1445 2811 1519 2844 Cat.
1535 2811 1557 2843 i.
1575 2820 1593 2851 3
1609 2811 1716 2844 orbem
1731 2816 1838 2844 terrae

1079 2854 1178 2885 caede
1199 2858 1297 2896 atque
1320 2854 1476 2887 incendiis
1495 2859 1633 2887 vastare.
1681 2854 1779 2887 Orbis
1793 2855 1838 2896 by

1077 2897 1169 2928 itself
1182 2896 1237 2938 [cf.
1255 2900 1271 2935 ξ
1289 2896 1348 2939 90]
1365 2897 1394 2929 is
1410 2897 1488 2940 only
1501 2897 1581 2930 used
1597 2898 1630 2930 in
1645 2905 1760 2941 poetry
1774 2897 1838 2930 and

1077 2941 1111 2972 in
1126 2939 1224 2973 silver
1238 2940 1347 2973 Latin.
